2798 4896
391 265 435 306 mn
455 264 550 314 novis
573 263 667 304 vners
691 261 801 302 rouen
825 261 921 302 mesu
944 261 968 300 11
1195 236 1232 296 51

126 419 155 479 in
168 439 202 478 co
214 417 278 477 loco
286 434 416 496 pascere,
430 415 560 487 herbam,
569 415 666 473 lenum
680 430 790 485 secare,
799 417 899 471 sentes
908 447 1233 470 ..................

128 531 278 583 curatores
295 541 454 601 aquarum,
477 519 526 598 qui
544 536 623 579 nunc
645 523 712 577 sunt
724 514 832 592 quique
853 523 954 589 erunt,
976 554 1134 575 .........
1157 514 1232 574 circa

127 630 224 688 lomes
247 639 276 688 et
302 629 430 689 fornices
456 635 485 689 et
507 643 607 686 muros
637 632 665 683 et
692 621 773 682 riuos
795 628 823 680 et
846 641 952 701 specus
980 619 1151 681 terminatus
1179 630 1233 688 est,

127 733 264 805 arbores,
286 733 378 808 uites,
400 752 523 815 uepres,
548 736 663 802 sentus,
680 728 777 807 ripae,
795 727 938 800 maceria,
955 727 1072 801 salicta,
1095 725 1235 788 harundi-

102 847 194 900 ⁵neta
209 840 363 913 tollantur,
387 839 571 910 excidantur,
594 833 777 906 ellodiantur,
797 833 1014 906 excodicentur,
1037 832 1077 892 uti
1094 831 1171 909 quod
1188 849 1235 890 re-

129 953 175 1004 ete
199 947 308 1006 lactum
331 964 397 1006 esse
411 944 528 1019 uolent3
551 959 644 1018 eoque
658 938 775 998 nomine
798 938 832 998 iis
851 926 983 1017 pignoris
1005 937 1105 1016 capio,
1127 935 1235 996 midiae

127 1050 215 1110 dictio
236 1051 433 1129 coercitioque
456 1057 534 1124 csto;
564 1047 651 1125 idque
672 1045 706 1105 iis
730 1035 793 1104 sine
815 1045 917 1106 lraude
944 1063 997 1105 sua
1020 1045 1117 1104 lacere
1138 1041 1234 1126 liceat,

127 1156 172 1216 ius
185 1163 374 1235 potestasque
398 1162 472 1217 esto.
509 1151 679 1232 quominus
701 1149 792 1223 uites,
814 1150 949 1224 arlucum,
974 1168 1048 1229 quae
1070 1149 1164 1222 uillis,
1187 1167 1236 1210 ae-

128 1261 231 1322 diliciis
254 1261 426 1323 maceriisue
449 1260 577 1321 inclusae
598 1264 681 1331 sunt,
705 1257 865 1330 maceriae,
885 1275 957 1334 quas
981 1263 1131 1316 curatores
1146 1271 1235 1331 aqua·

90 1381 115 1420 ¹0
129 1388 194 1429 rum
217 1388 305 1429 causa
331 1367 445 1446 cognita
467 1385 504 1425 ne
526 1365 737 1425 demolirentur
752 1363 878 1423 dominis
893 1363 1104 1442 permiserunt,
1128 1358 1235 1436 quibus

126 1474 266 1553 iuscripta
285 1473 489 1554 insculptaque
512 1477 613 1532 essent
627 1470 759 1550 ipsorum
781 1468 829 1546 qui
842 1469 1047 1548 permisissent
1066 1470 1233 1525 curatorum

127 1577 260 1651 nomina,
286 1584 438 1649 maneant,
468 1577 523 1636 hac
544 1575 608 1654 lege
631 1573 752 1634 nilrilum
772 1550 899 1650 rogiator.
946 1593 1003 1652 quo
1024 1572 1121 1634 minus
1142 1590 1176 1631 ex
1198 1570 1235 1630 iis

127 1685 271 1759 lontibuS,
299 1684 388 1758 riuiS,
414 1681 567 1763 specibus,
595 1679 755 1747 fornicibus
778 1697 881 1757 aquam
905 1697 1037 1752 sumere,
1066 1677 1164 1739 aurire
1189 1677 1234 1748 iis,

128 1792 361 1868 quibuscumque
375 1796 524 1850 curatores
537 1806 677 1866 aquarum
693 1784 905 1865 permiserunt,
929 1784 1125 1863 permiserint,
1150 1801 1235 1863 prae·

92 1906 115 1945 ¹5
130 1906 261 1973 torquem
284 1904 363 1968 rota,
387 1895 490 1968 calice,
512 1894 645 1955 machina
671 1893 772 1965 liceat,
795 1893 864 1952 dum
887 1891 986 1968 nequi
1011 1899 1116 1970 puteus
1138 1907 1233 1966 neque

127 2002 258 2060 lorarnen
280 2019 391 2060 nouum
405 2003 464 2074 liat,
489 2000 552 2061 eius
575 2001 630 2061 hac
652 1999 716 2078 lege
738 1999 859 2059 nihilum
879 2000 1020 2076 rogator?
1060 1995 1234 2056 Vtilissimae
1245 2009 1297 2060 130

128 2104 201 2182 legis
231 2112 448 2182 contemptores
478 2125 536 2166 non
567 2105 734 2182 negauerim
754 2104 859 2182 dignos
882 2122 976 2182 poena
1010 2120 1086 2180 quac
1109 2100 1235 2161 intendi·

129 2217 191 2284 tur,
215 2216 260 2270 set
274 2208 458 2286 neglegentia
476 2208 555 2286 longi
571 2210 710 2288 temporis
725 2210 865 2288 deceptos
879 2209 983 2273 leniter
996 2207 1128 2269 reuocari
1148 2225 1235 2285 opor-

130 2314 191 2374 tuit
228 2313 326 2390 itaque
346 2312 448 2374 sedulo
470 2311 666 2374 luborauimus
691 2323 721 2374 ut
735 2320 875 2391 quantum
898 2311 1030 2373 innubis
1054 2311 1122 2384 luit,
1148 2312 1235 2370 otiam

91 2439 115 2479 m
131 2420 334 2498 ignorarentur
357 2418 405 2496 qui
425 2428 602 2478 errauerant.
649 2418 674 2480 is
698 2438 768 2480 uero
791 2418 841 2496 qui
863 2418 1002 2478 admoniti
1025 2419 1061 2479 ad
1083 2417 1237 2495 imlulgeu-

130 2525 197 2585 tium
213 2524 399 2603 inperatoris
421 2524 667 2598 decucurrerunt,
690 2544 848 2604 possumus
867 2525 959 2585 uideri
982 2544 1069 2587 causa
1090 2522 1235 2603 impetrati

128 2631 262 2692 benelirii
285 2632 385 2692 luisse.
430 2631 459 2693 iu
482 2631 624 2707 reliquom
644 2651 714 2692 uero
737 2638 805 2709 opto
826 2650 862 2690 ne
884 2633 1016 2691 executio
1034 2630 1107 2708 legis
1136 2648 1239 2687 necces-

130 2737 204 2797 saria
232 2738 289 2809 sit,
313 2756 380 2797 cum
398 2738 485 2798 oltlcii
507 2737 594 2797 iidem
618 2735 704 2795 etiam
719 2753 779 2810 per
804 2737 931 2795 oll'ensas
954 2737 1026 2796 tueri
1050 2733 1237 2816 praestiterit.

200 2908 209 2957 l
226 2915 285 2969 posi
304 2915 389 2956 sorites
409 2907 497 2972 cipiuii
511 2907 571 2969 sere
587 2908 726 2955 litterarum
743 2906 851 2967 spectiora
869 2907 892 2955 iu
913 2907 939 2956 0.
960 2910 1105 2956 senitentiam
1121 2905 1241 2955 iudicauit

130 2993 295 3045 Manducemus
317 2993 409 3055 eudem.
433 2992 491 3045 dist.
511 2994 575 3044 iuris
589 3009 630 3056 pr.
655 2993 712 3041 XV
722 3007 748 3054 p.
766 2991 834 3063 30l:
858 3001 942 3041 semes
963 2989 1061 3056 [tollere
1080 2992 1166 3052 licent,
1185 2991 1239 3048 ejus

130 3082 154 3130 Ιι.
172 3082 188 3130 l.
209 3097 233 3130 n.
251 3078 282 3146 r.]
309 3078 314 3145 Ι
335 3085 350 3129 2
375 3081 418 3142 qui
436 3095 502 3130 nuno
521 3083 593 3133 sunt}
621 3081 688 3129 cirea
711 3080 792 3128 lontes
810 3075 856 3141 ῗΙιιί
877 3095 925 3141 que
950 3087 1082 3128 crocitet
1103 3056 1197 3127 loituui
1213 3107 1240 3127 .-

130 3196 243 3217 ·······
261 3174 285 3215 et
307 3182 435 3216 murorum
456 3175 480 3216 et
497 3169 566 3217 riuos
590 3167 611 3217 θ
633 3165 742 3216 fornices
763 3173 788 3215 et
806 3180 891 3215 muros
915 3168 1023 3216 restituit
1040 3166 1154 3215 Polenus.
1183 3181 1240 3215 seu·

128 3255 206 3302 tentio
222 3253 285 3301 ltcee
301 3261 372 3302 erat:
390 3253 524 3304 Curatores
548 3268 670 3315 aquarum
688 3281 721 3289 -
741 3260 827 3311 eruut,
848 3251 957 3302 iacinnto
976 3260 1002 3301 ut
1026 3253 1051 3300 in
1071 3268 1100 3301 eo
1123 3234 1176 3301 loco
1198 3254 1241 3314 qui

130 3339 199 3386 loeus
224 3340 288 3387 circa
311 3339 592 3389 lentes-terminatus
615 3347 666 3400 est,
689 3339 836 3389 arbores-
849 3339 1027 3389 excodiceutur
1046 3340 1081 3389 uti
1102 3341 1167 3402 quod
1187 3341 1240 3402 -Ι

130 3425 145 3473 4
166 3424 308 3472 :irborcsO
336 3424 340 3485 Ι
365 3427 477 3486 fortasse
495 3427 617 3474 muccrieo
646 3422 650 3489 Ι
678 3425 774 3473 sullieto
799 3425 820 3473 0
845 3421 848 3489 Ι
880 3425 895 3475 t
922 3426 957 3474 uti
983 3427 1050 3488 quod
1075 3429 1167 3488 scripsi
1193 3428 1242 3476 uti-

130 3526 178 3573 quc
201 3511 221 3560 0
240 3506 244 3573 Ι
265 3518 358 3558 rectum
378 3510 400 3558 Ο
422 3506 425 3565 Ι
449 3509 465 3559 tt
487 3510 552 3559 uolet
577 3511 613 3569 0,
631 3527 674 3561 cuc
692 3509 830 3558 Selruitzius
854 3507 858 3574 Ι
883 3511 960 3559 multa
977 3513 1085 3578 edicipo.
1113 3527 1127 3562 ο
1147 3514 1168 3562 ll
1188 3515 1259 3564 citi--

130 3604 218 3660 questo
241 3596 262 3645 C
289 3596 381 3644 multae
405 3595 481 3645 dictio
504 3595 620 3659 Scatiper
649 3596 815 3658 coercitioquo
839 3594 983 3659 Opsupceus
1009 3596 1013 3663 Ι
1038 3600 1052 3647 7
1074 3599 1169 3648 lieetC
1192 3600 1196 3661 Ι
1226 3600 1243 3648 8

34 3686 52 3696 '⁴
130 3684 186 3732 isto.
218 3683 239 3732 0
259 3685 402 3745 insequente
426 3684 485 3744 plus
507 3685 585 3732 eruimur
611 3683 746 3746 prriudeeim
764 3684 904 3731 litterarum
928 3686 1018 3746 spatie.
1046 3687 1093 3734 sed
1110 3686 1158 3735 circo
1182 3685 1244 3735 tuuc

129 3770 256 3819 currentiam
272 3776 332 3830 apte
347 3767 481 3819 redderent
497 3765 501 3832 Ι
516 3769 533 3821 9
550 3777 691 3819 rur-morum
710 3769 730 3818 0
750 3766 753 3831 Ι
777 3768 809 3818 10
830 3768 1011 3836 permiserunt]
1031 3773 1065 3833 es.
1086 3789 1110 3821 u.
1133 3772 1162 3820 ll
1185 3770 1188 3838 Ι
1214 3775 1242 3821 l·.’

130 3853 186 3919 lieo]
206 3855 241 3917 cf.
261 3871 286 3906 u.
310 3854 341 3904 16
363 3856 366 3920 Ι
389 3855 507 3904 uit-lilium
524 3853 563 3920 ΟΙ
580 3863 682 3920 rogator
696 3853 811 3919 Sreliper
826 3856 924 3920 rogatio
945 3857 965 3906 0
985 3857 988 3921 Ι
1015 3859 1043 3911 ll)
1063 3859 1125 3907 licea
1144 3860 1164 3906 (l
1184 3856 1187 3923 Ι
1213 3860 1244 3910 lu

131 3939 250 3989 nichilum
269 3940 290 3989 C
312 3936 316 4004 Ι
342 3950 445 4006 rogator
464 3940 579 4007 Scaliper
606 3948 694 4005 rogato
714 3937 756 4004 01
782 3940 814 3991 lu
837 3942 1006 3993 luboriuimus
1025 3945 1046 3992 C
1065 3941 1068 4007 Ι
1091 3954 1184 4006 qrruuta
1200 3949 1219 3994 t}
1240 3947 1243 4004 Ι

129 4044 163 4093 ‘20
180 4057 240 4092 uero
256 4050 300 4092 aut
319 4043 440 4094 adumuiti
457 4042 495 4109 C}
515 4045 545 4094 21
564 4022 678 4106 incideris
696 4046 716 4094 G
735 4041 738 4107 Ι
763 4062 865 4095 rarrsum
888 4049 909 4097 0
931 4044 934 4112 Ι
958 4050 991 4096 22
1012 4048 1132 4109 reliquom
1152 4050 1245 4109 scu-ipsi

128 4137 265 4192 praeeunte
285 4129 430 4182 Heimielrr'o
448 4132 543 4194 reliquo
561 4128 659 4198 Olper
677 4147 721 4181 cru.
740 4131 826 4197 0123
840 4134 991 4197 praestiterit
1012 4132 1152 4183 Sedultzius
1170 4150 1241 4202 prae-

131 4218 196 4268 stitit
211 4218 232 4268 G
249 4225 360 4284 praestet
378 4217 505 4270 Iucundos

482 4370 485 4388 ¹
537 4374 840 4388 ——Q
