2798 4896
124 240 170 306 36'
552 259 632 305 1vc11
653 261 810 306 rnonmm

122 417 201 479 illius
217 433 253 475 ac
267 411 411 484 turbidae,
427 430 537 474 nouum
549 422 701 474 auctorem
715 413 923 493 imperatorem
932 413 1094 496 *Caesarem
1107 411 1238 475 Neruam

126 523 284 586 Traianum
300 522 464 597 Augustum
481 517 703 597 praescribente
721 519 816 582 titulo.

74 641 109 692 94
212 629 351 707 Sequitur
377 635 410 687 ut
435 625 599 686 indicemus
630 626 709 702 quud
737 625 783 687 ius
809 627 958 687 ducendae
983 625 1168 702 tuendaeque
1200 624 1239 685 sit

126 756 233 817 aquae,
255 752 380 812 quorum
396 732 520 793 alterum
534 730 570 791 ad
587 728 767 792 cohibendos
787 732 862 792 intra
884 731 1003 791 modum
1020 731 1169 810 impetrati
1186 730 1240 790 be-

127 844 224 907 uellcii
242 841 386 922 priuatos,
403 835 529 897 alterum
543 836 579 896 ad
597 835 732 914 ipsorum
747 839 888 899 ductuum
904 836 1031 915 pertinet
1047 836 1180 897 tutelam.
1207 836 1238 896 in
1254 849 1268 887 ⁵

126 953 249 1033 quibus,
272 949 342 1009 dum
360 944 448 1007 altius
468 952 571 1022 repeto
593 941 675 1019 leges
690 944 726 1004 de
743 942 868 1020 singulis
884 941 968 1018 aquis
984 940 1072 1013 latas,
1094 942 1239 1019 quaedam

127 1064 198 1141 aput
221 1065 337 1118 ueteres
358 1051 442 1112 aliter
463 1049 619 1112 obseruata
645 1048 756 1110 inueni.
801 1056 871 1127 aput
891 1067 966 1125 quos
992 1045 1087 1110 omnis
1110 1064 1187 1124 aqua
1209 1047 1239 1106 in

128 1182 201 1225 usus
225 1160 362 1242 publicos
388 1157 565 1236 erogabatur
590 1164 619 1216 et
642 1162 760 1217 cautum
781 1153 821 1213 ita
844 1153 914 1215 luit:
943 1156 997 1213 ‘ne
1017 1153 1083 1230 quis
1105 1153 1240 1235 priuatus

126 1270 212 1331 aliam
229 1283 339 1343 aquam
359 1265 461 1335 ducat,
482 1282 570 1342 quam
590 1281 664 1340 quae
686 1280 722 1321 ex
744 1260 811 1321 lacu
832 1259 954 1321 humum
976 1259 1093 1321 accidit'
1109 1292 1144 1302 —
1164 1258 1240 1319 baec

128 1376 207 1438 enim
221 1383 291 1436 sunt
310 1371 398 1434 uerba
419 1365 470 1454 [et]
488 1369 562 1452 legis
579 1367 667 1427 —id
687 1374 733 1426 est
750 1385 824 1444 quae
841 1387 876 1428 ex
890 1368 956 1430 lacu
974 1366 1151 1441 abundauit;
1172 1384 1239 1426 enm
1254 1382 1282 1423 ιο

129 1500 184 1543 nos
207 1482 348 1543 caducam
370 1493 522 1538 necamus.
567 1482 596 1534 et
614 1473 686 1533 baec
712 1471 775 1551 ipsa
797 1490 855 1535 non
877 1475 906 1535 in
929 1473 1016 1536 alium
1040 1491 1127 1534 usum
1150 1489 1238 1549 quam

128 1589 159 1650 in
176 1586 348 1647 balnearum
369 1590 419 1644 aut
436 1581 643 1643 fullonicarum
660 1577 799 1649 dabatur,
824 1588 945 1658 eratque
961 1578 1114 1657 uectigalis
1130 1585 1240 1638 statuta

129 1693 264 1754 mercede
284 1708 359 1768 quae
375 1688 405 1748 iu
420 1687 572 1767 publicum
592 1685 780 1765 penderetur.
811 1685 919 1762 aliquid
943 1693 972 1745 et
994 1685 1024 1745 in
1040 1687 1143 1747 domos
1158 1683 1241 1764 prin·

78 1804 112 1855 95
130 1799 229 1877 cipum
250 1792 377 1855 ciuitatis
399 1792 524 1854 dabatur
544 1790 776 1853 concedentibus
802 1791 934 1868 reliquis.
977 1792 1013 1852 ad
1034 1809 1122 1869 quern
1142 1795 1240 1850 autem

129 1901 333 1979 magistratum
359 1899 405 1959 ius
431 1898 544 1959 dandae
572 1897 781 1957 uendendaeuc
809 1914 902 1974 aquae
925 1896 1116 1977 pertinuerit,
1145 1895 1176 1955 in
1200 1894 1279 1954 lists
1344 1924 1347 1928 ss

128 2008 212 2087 ipsis·
226 2004 341 2082 legibus
364 2003 504 2064 uariatur.
536 2002 684 2064 interdum
705 2003 783 2064 enim
807 2002 843 2064 ab
865 2002 1023 2068 aedilibus,
1049 2001 1199 2062 interdurn
1223 2019 1239 2060 a

130 2110 304 2173 censoribus
319 2107 497 2189 permissum
513 2107 650 2183 inuenio;
667 2116 712 2168 set
728 2117 859 2188 apparet,
876 2111 1012 2187 quotiens
1028 2109 1058 2170 in
1073 2128 1106 2169 re
1121 2108 1238 2189 publica

129 2234 271 2279 censores
283 2223 376 2284 erant,
391 2215 427 2276 ab
442 2214 499 2275 illis
513 2214 699 2293 potissimum
712 2213 844 2293 petitum,
862 2235 930 2276 cum
944 2215 1033 2276 iinon
1050 2221 1142 2286 erant,
1160 2214 1242 2278 aedi-

128 2323 200 2384 lium
216 2341 280 2384 eam
298 2328 475 2402 potestatem
490 2320 592 2382 luisse.
627 2337 661 2379 eu
678 2337 736 2396 quo
756 2319 943 2382 manifestum
958 2330 1002 2382 est
1017 2328 1127 2400 quanto
1143 2319 1240 2401 potior

130 2445 200 2488 cura
220 2425 380 2489 maioribus
397 2427 596 2489 communium
613 2424 780 2486 utilitatium
798 2443 885 2502 quam
901 2427 1082 2506 priuatarum
1104 2424 1239 2504 uolupta-
1252 2442 1279 2482 ao

129 2533 201 2594 tium
221 2531 323 2603 luerit,
347 2550 413 2592 cum
440 2531 575 2593 etiamen
598 2550 673 2609 aqua
693 2548 780 2608 quam
802 2529 910 2609 priuati
925 2531 1073 2592 ducebant
1093 2531 1130 2592 ad
1152 2548 1238 2592 usum

78 2657 113 2708 no
129 2637 280 2718 publicum
304 2638 475 2717 pertineret.
519 2637 640 2698 tutelam
664 2645 763 2698 autem
784 2634 967 2713 singularum
988 2655 1131 2715 aquarum
1147 2635 1239 2698 locari

131 2745 246 2806 solitam
266 2742 385 2804 inuenio
409 2743 595 2823 positamque
625 2741 862 2823 redemptoribus
892 2742 1098 2804 necessitatem
1125 2751 1238 2804 certum

130 2869 285 2911 numerum
301 2849 378 2910 circa
392 2849 500 2911 ductus
514 2858 594 2910 extra
611 2850 722 2920 urbem,
739 2863 853 2912 certum
870 2854 900 2911 ia
916 2850 989 2911 urbe
1006 2869 1161 2911 seruorum
1177 2848 1240 2929 opi·

56 3011 60 3018 .
130 2957 218 3017 licum
234 2955 376 3024 habendi,
400 2954 562 3031 etquidem
582 2955 622 3015 ita
639 2964 671 3016 ut
688 2957 806 3017 nomina
824 2974 941 3034 quoque
956 2974 1072 3028 eorum,
1093 2975 1168 3034 quos
1187 2956 1239 3017 ba·
1251 2975 1278 3016 2⁵

128 3061 218 3122 bituri
234 3067 336 3120 essent
350 3059 380 3118 in
396 3059 557 3121 ministerio
572 3080 626 3140 per
646 3080 777 3141 quasque
792 3061 947 3140 regiones,
970 3061 1000 3121 in
1015 3062 1129 3124 tabulas
1145 3063 1241 3145 publi·

130 3184 180 3226 cas
196 3165 365 3237 delerrent;-
378 3182 539 3242 eorumque
555 3184 677 3245 operum
693 3167 911 3246 probandorum
928 3187 1029 3230 curam
1045 3168 1136 3229 luisse
1148 3187 1240 3248 penes

131 3289 271 3331 censores
295 3269 449 3347 aliquando
475 3277 504 3328 et
525 3270 651 3343 aediles,
673 3272 821 3335 interdum
845 3274 930 3336 etiam
946 3275 1155 3353 quaestoribus
1175 3292 1239 3334 eam

199 3510 265 3560 {lud
289 3510 333 3573 Ol
355 3524 405 3572 qua
421 3510 441 3560 0
460 3510 464 3573 Ι
486 3511 526 3561 sid
544 3513 565 3562 0
586 3512 591 3576 Ι
617 3512 726 3577 (laquis
753 3514 817 3565 latas
834 3517 928 3578 scripsi
950 3517 993 3578 qui
1017 3517 1067 3564 late
1093 3514 1240 3580 Operlatns

129 3602 237 3650 Potestas
252 3599 256 3663 Ι
272 3604 287 3651 7
307 3615 370 3664 quos
388 3601 552 3652 Dederielrius
569 3605 686 3667 antiquos
703 3590 844 3670 Glemnes
863 3604 900 3668 Ol
922 3605 939 3656 8
954 3607 1106 3671 erogabatur
1116 3605 1242 3655 locandam

130 3701 250 3756 erogatur
268 3692 289 3741 0
307 3690 311 3753 Ι
331 3699 356 3739 et
374 3691 484 3741 Polemon
501 3707 531 3740 ea
551 3693 572 3742 0
591 3691 594 3760 Ι
616 3694 632 3745 9
650 3711 742 3759 nquam
759 3696 849 3746 addidi
869 3696 944 3745 aliam
963 3696 1038 3747 ducat
1054 3712 1146 3760 aquam
1165 3711 1240 3759 quam

129 3785 254 3834 Graecias
269 3782 355 3845 praef.
373 3798 400 3845 p.
420 3783 469 3831 III
491 3782 495 3846 Ι
519 3786 667 3849 accedito,
690 3803 734 3837 em.
760 3788 885 3837 Graecina
909 3786 913 3849 Ι
942 3787 973 3836 10
992 3788 1071 3836 uerba
1089 3797 1113 3836 et
1131 3785 1242 3852 legesC

129 3874 184 3921 eius
203 3871 268 3937 legis
287 3873 342 3922 cod.
366 3876 426 3925 Vnt.
442 3875 447 3940 Ι
465 3876 496 3927 13
508 3876 636 3943 publicum
652 3879 804 3944 penderetur
819 3876 946 3926 locandus
963 3877 1063 3942 publico
1080 3876 1240 3942 impendere—

128 3964 200 4014 turO
213 3962 217 4026 Ι
239 3965 271 4015 11
282 3964 487 4016 incedentibuso
500 3967 504 4030 Ι
521 3966 551 4016 17
562 3967 646 4016 iureC
660 3968 663 4029 Ι
681 3967 713 4017 18
724 3980 857 4017 censerese
871 3966 954 4017 lerunt
965 3969 986 4017 0
999 3968 1003 4032 Ι
1021 3965 1092 4032 1811]
1107 3966 1239 4016 duodecim

129 4054 150 4104 0
173 4051 177 4120 Ι
202 4053 234 4104 19
261 4055 299 4104 Ex
326 4071 375 4120 que
400 4083 432 4093 —-
457 4059 491 4108 22
518 4058 656 4123 pertineret
682 4059 707 4105 iu
736 4063 812 4120 eaput
836 4057 870 4108 94
898 4067 968 4111 extr.
995 4066 1056 4120 post
1088 4056 1240 4122 penderetur

127 4147 315 4208 transponenda
336 4148 341 4212 Ι
362 4148 396 4200 20
419 4149 564 4198 utilitatium
582 4148 603 4197 0
622 4148 626 4211 Ι
646 4147 814 4198 uoluntarium
832 4151 853 4201 0
871 4149 876 4213 Ι
901 4151 935 4199 24
952 4157 1047 4198 eertum
1069 4148 1095 4195 in
1113 4147 1240 4196 locandus

127 4245 227 4286 centum
244 4236 275 4286 ab
294 4237 337 4302 Ol
359 4238 392 4288 25
411 4239 447 4287 lia
465 4235 502 4302 01
518 4238 551 4288 ud
572 4238 610 4302 01
630 4241 662 4289 27
681 4253 742 4288 cura
761 4240 799 4304 θΙ
818 4255 863 4304 per
882 4239 916 4298 0,
934 4255 978 4289 em.
997 4237 1118 4288 Pithoeus
