2798 4896
416 259 458 299 nc
482 256 578 306 sarrs
602 257 696 300 vnsxs
719 253 829 297 noune
851 255 947 296 uranu
970 254 995 294 11
1221 233 1259 294 41

152 409 259 470 batur.·
293 408 343 486 qui
368 429 474 490 aquam
502 410 532 470 in
558 428 630 471 usus
655 409 785 489 priuatos
810 407 957 469 deducere
984 406 1077 476 uolet,
1103 406 1262 486 impetrare
1273 415 1323 466 105

153 535 216 576 eam
234 515 353 576 debebit
374 523 403 577 et
424 537 439 578 a
458 517 591 596 principe
609 515 766 596 epistulam
784 517 820 578 ad
838 521 1004 576 curatorem
1025 512 1156 584 adferre3
1180 530 1264 598 cura-

152 630 198 684 tor
214 622 320 684 deinde
338 622 483 684 beneficio
499 622 634 683 Caesaris
652 631 803 703 praestare
825 621 1022 683 maturitatem
1042 624 1070 678 et
1091 625 1264 698 procurato-

152 751 215 792 rem
227 730 363 792 eiusdem
385 728 474 791 officii
491 729 630 791 libertum
648 730 781 792 Caesaris
798 730 933 810 protinus
952 726 1092 788 scribere.
1123 742 1265 805 procura-

127 844 248 898 ⁵torem
272 842 370 897 autem
391 835 505 915 primus
526 835 570 896 Ti.
593 835 732 925 Claudius
757 836 874 898 uidetur
895 834 1078 899 admouisse,
1107 836 1263 909 postquam

152 943 294 1004 Anionem
315 962 424 1004 nouum
444 950 473 1003 et
491 942 641 1006 Claudiam
661 941 784 1004 induxit.
815 942 884 1020 quid
902 939 1049 1001 contineat
1063 934 1203 1016 epistula,
1221 934 1264 996 ui-

151 1048 216 1110 licis
232 1045 349 1127 quoque
371 1049 434 1110 lieri
449 1057 552 1110 notum
566 1048 669 1119 debet,
693 1066 729 1107 ne
749 1048 866 1125 quando
888 1044 1103 1124 neglegentiam
1121 1051 1170 1105 aut
1186 1043 1265 1104 lrau-

152 1155 218 1215 dem
238 1174 321 1216 suam
340 1154 523 1232 ignorantiae
539 1155 638 1216 colore
659 1154 825 1216 defendant.
862 1158 1038 1232 procurator
1056 1150 1177 1211 calicem
1200 1149 1263 1209 eius

153 1259 282 1330 moduli,
307 1260 358 1338 qui
375 1260 464 1321 luerit
483 1260 675 1340 impetratus,
693 1257 829 1321 adhibitis
850 1256 1041 1320 libratoribus
1059 1253 1167 1333 signari
1185 1254 1265 1332 cogi·

115 1387 139 1428 ro
153 1372 209 1435 tet,
232 1365 388 1443 diligenter
407 1367 539 1428 intendat
560 1386 767 1429 mensurarum
794 1385 867 1445 quas
885 1383 976 1446 supra
996 1360 1122 1423 diximus
1143 1360 1264 1421 moduni

152 1479 180 1532 et
197 1471 352 1551 positionis
372 1471 504 1534 notitiam
523 1472 645 1544 babeat,
667 1491 704 1534 ne
724 1473 762 1533 sit
776 1472 806 1532 in
828 1469 949 1531 arbitrio
965 1468 1153 1537 libratorum,
1173 1467 1265 1528 inter-

152 1579 221 1639 dum
238 1577 355 1639 maioris
370 1575 507 1647 luminis,
523 1578 673 1640 interdum
688 1576 812 1638 minoris
826 1595 880 1655 pro
896 1575 988 1653 gratia
1004 1593 1199 1655 personarum
1216 1593 1265 1636 ca-

152 1683 238 1745 licem
254 1683 389 1762 probare.
419 1689 464 1742 set
483 1700 539 1744 nec
556 1683 653 1746 statim
671 1684 708 1745 ab
727 1684 785 1744 boc
807 1681 933 1742 liberum
951 1680 1114 1742 subiciendi
1133 1679 1265 1758 qualem-

153 1807 279 1866 cumque
294 1788 460 1869 plumbeam
476 1789 604 1851 tistulam
619 1790 807 1870 permittatur
826 1785 994 1854 arbitrium,
1012 1805 1114 1848 uerum
1131 1787 1263 1849 eiusdem

116 1913 139 1953 rs
152 1895 271 1957 luminis
292 1912 351 1973 quo
374 1893 448 1954 calix
470 1894 603 1972 signatus
625 1904 671 1957 est
687 1914 741 1975 per
762 1894 854 1974 pedes
870 1895 1101 1968 quinquaqinta,
1125 1893 1202 1954 sicut
1217 1912 1265 1954 se-

153 2009 240 2063 natus
263 2000 398 2062 consulto
416 2000 493 2079 quod
514 2001 681 2064 subiectum
697 2008 743 2062 est
761 2005 892 2062 cauetur.
927 1999 1025 2070 ‘Quod
1043 1999 1076 2070 Q.
1092 1998 1190 2061 Aelius
1206 2000 1264 2060 'lu-
1276 2004 1325 2054 106

153 2105 225 2166 bero
238 2105 347 2167 Paulus
363 2104 472 2166 Fabius
488 2106 630 2168 Maximus
647 2126 708 2167 cos.
724 2107 757 2171 V.
772 2107 804 2166 F.
833 2107 976 2184 quosdam
991 2103 1123 2185 priuatos
1140 2125 1175 2166 cx
1191 2106 1264 2167 riuis

153 2210 280 2290 publicis
300 2213 405 2289 aquarn
428 2211 549 2282 ducere,
577 2210 612 2281 Q.
632 2211 666 2270 ll.
687 2212 722 2272 E.
738 2213 774 2272 R.
795 2211 827 2286 F.
845 2211 877 2270 P.
899 2211 933 2272 D.
948 2211 983 2271 E.
999 2212 1032 2274 R.
1054 2212 1076 2270 l.
1094 2213 1125 2271 C.
1159 2229 1196 2271 ne
1217 2211 1264 2272 cui

153 2315 269 2395 priuato
281 2333 386 2392 aquam
401 2318 509 2379 ducere
525 2336 559 2377 cx
574 2316 646 2377 riuis
662 2316 789 2396 publicis
804 2316 916 2388 liceret,
932 2317 1032 2395 utique
1047 2316 1143 2379 omnis
1161 2316 1180 2376 ii
1201 2315 1266 2395 qui-

117 2445 141 2483 no
154 2420 210 2482 bus
229 2439 322 2497 aquae
344 2422 502 2483 ducendae*
516 2423 562 2484 ius
589 2430 669 2484 esset
690 2424 789 2485 datum
809 2441 844 2484 ex
865 2423 995 2485 castellis
1020 2425 1178 2495 ducerent,
1203 2423 1266 2485 ani·

154 2527 431 2606 maduerterentque
453 2536 606 2590 curatores
635 2547 793 2607 aquarum,
821 2528 929 2607 quibus
950 2529 1024 2591 locis
1047 2530 1125 2592 intra
1153 2529 1270 2617 [extra]

154 2630 256 2692 urbem
276 2641 344 2711 apte
360 2633 479 2695 castella
493 2633 600 2712 priuati
614 2636 710 2696 lacere
726 2643 866 2715 possent,
882 2635 1040 2714 exquibus
1056 2655 1161 2714 aquam
1176 2637 1266 2698 duce-

154 2743 218 2795 rent
233 2754 321 2813 quam
344 2756 379 2798 ex
394 2739 515 2801 castello
531 2759 718 2832 communem
734 2741 922 2821 accepissent
943 2761 959 2802 a
973 2741 1159 2803 curatoribus
1176 2762 1266 2822 aqua-

153 2860 228 2902 rum.
252 2860 328 2903 nene
344 2844 391 2905 cui
407 2864 509 2907 eorum
525 2844 632 2923 quibus
647 2846 859 2924 aqua‘daretur
875 2828 992 2928 publica
1010 2846 1055 2908 ius
1074 2855 1169 2911 esset.
1189 2847 1266 2910 intra

115 2977 139 3015 ῃ
153 2946 363 3026 quinquaginta
377 2953 469 3031 pedes
486 2952 551 3013 eius
567 2952 695 3024 castelli,
711 2972 745 3013 ex
760 2974 819 3033 quo
834 2974 938 3033 aquam
955 2955 1110 3020 ducerent,
1126 2952 1265 3015 laxiorem

154 3053 281 3115 tistulam
301 3056 435 3119 subicere
457 3078 544 3137 quam
560 3057 746 3138 quinariam?
787 3061 820 3122 ln
838 3061 895 3122 boc
911 3061 941 3122 S.
959 3061 989 3121 C.
1006 3060 1127 3139 dignum
1145 3060 1267 3122 adnota-

153 3157 233 3221 tioue
252 3169 312 3232 est,
332 3165 410 3241 quod
431 3183 537 3243 aquam
560 3184 618 3227 non
635 3165 693 3226 nisi
708 3184 744 3226 ex
758 3166 880 3229 castello
899 3165 966 3227 duci
982 3169 1141 3247 permittit,
1165 3189 1202 3231 ne
1218 3179 1267 3233 aut

224 3398 240 3446 t
261 3398 376 3449 liberium
396 3402 416 3451 0
435 3399 439 3466 Ι
460 3402 475 3451 5
494 3402 555 3452 titus
577 3403 608 3466 0,
628 3419 672 3454 ern.
686 3403 810 3454 [serendus
830 3403 834 3464 Ι
855 3405 872 3456 6
890 3418 1016 3469 erponem
1034 3402 1073 3470 ΟΙ
1088 3406 1155 3456 uilici
1176 3409 1204 3468 0,
1221 3425 1266 3460 em.

155 3487 264 3537 Potentes
279 3485 284 3552 Ι
299 3489 425 3553 iquoque
443 3490 498 3539 fieri
508 3491 671 3542 Heinricldns
689 3493 743 3543 lieri
759 3509 860 3557 quoque
879 3495 916 3559 ΟΙ
934 3496 962 3545 11
980 3496 1113 3560 positionis
1128 3495 1268 3551 Schultzius

155 3590 317 3654 posuimnsC
336 3588 340 3656 Ι
362 3593 393 3641 14
406 3607 451 3657 per
469 3594 589 3644 midtatur
607 3595 628 3645 C
645 3593 650 3656 Ι
676 3596 707 3646 15
728 3573 848 3664 qnqgjnta
867 3601 992 3648 recentior
1005 3597 1085 3650 XIV.
1104 3603 1200 3651 saecuti
1215 3618 1267 3652 nra-

154 3695 200 3729 nus
213 3680 313 3730 addidit
330 3682 393 3732 ind
424 3679 428 3746 Ι
455 3682 487 3733 ld
506 3692 544 3733 est
562 3722 573 3734 .
590 3687 729 3737 cuueturG
753 3685 757 3752 Ι
779 3684 811 3751 Q]
833 3685 1156 3757 q30117pauluus01
1179 3694 1267 3742 consul

153 3761 295 3836 Clpuntos
314 3771 336 3820 0
354 3771 358 3834 Ι
379 3772 410 3822 18
427 3769 466 3836 C]
486 3773 515 3826 n.
535 3780 562 3823 ut
579 3773 681 3823 uidetur
697 3776 739 3840 Ol
763 3778 796 3829 19
814 3775 983 3843 {increblCl
1003 3776 1116 3843 ‹islifqb;
1134 3780 1222 3843 0120
1239 3779 1267 3831 ei
1375 3806 1377 3810 ·

154 3875 175 3924 θ
197 3874 201 3937 Ι
228 3872 271 3939 ex]
291 3890 304 3923 e
322 3877 338 3932 Ι
358 3872 401 3939 Ol
428 3875 619 3927 ducerenturC
642 3877 646 3940 Ι
670 3879 701 3930 ’21
724 3888 795 3929 extra
810 3882 902 3930 seclusi
922 3880 926 3948 Ι
946 3883 980 3932 22
998 3884 1171 3949 possenturC
1193 3885 1198 3948 Ι
1221 3862 1266 3946 1ιᾷ

154 3965 174 4013 0
192 3964 197 4028 Ι
219 3963 252 4015 23
273 3965 403 4030 accepisse
418 3981 463 4015 nra
481 3967 502 4016 C
521 3964 525 4032 Ι
545 3968 579 4016 24
598 3982 662 4016 neue
681 3970 720 4018 cui
736 3971 830 4033 scripsi
843 3973 919 4035 nequi
938 3973 959 4023 0
975 3987 1024 4022 neu
1045 3975 1085 4023 cui
1102 3975 1268 4027 Dedericbius

154 4071 184 4103 no
204 4055 244 4103 eui
261 4054 409 4106 Brissnnius
431 4064 455 4107 et
481 4057 522 4109 ed.
546 4058 729 4125 Faustiniano}
754 4063 787 4112 25
805 4061 988 4127 quinonagintu
1007 4061 1048 4130 ΟΙ
1075 4063 1109 4114 26
1126 4065 1266 4128 quinarium

152 4161 244 4196 uereor
264 4161 294 4196 ne
314 4147 346 4196 ab
367 4148 548 4209 interpolatore
568 4144 732 4202 additum'sit
749 4167 801 4200 curn
818 4152 987 4202 intercidisset
1005 4168 1036 4202 ea
1054 4157 1176 4206 sententia
1195 4171 1267 4220 quam

152 4250 209 4298 cop.
230 4235 278 4287 105
297 4244 364 4288 extr.
384 4238 521 4290 Frontinus
538 4241 689 4305 significauit
707 4240 712 4304 Ι
732 4242 765 4293 27
783 4242 909 4307 permidtit
929 4243 950 4293 C
