2798 4896
416 270 459 310 nn
475 269 571 318 xovrs
589 270 683 311 vnars
701 270 811 311 norrun
828 271 924 311 urana
940 273 952 310 1
1229 251 1247 309 7

138 419 321 481 deuerticulo
344 419 483 481 euntibus
505 420 542 480 ab
564 419 656 480 Roma
678 420 834 480 dextrosus
858 419 970 481 milium
993 439 1134 499 passuum
1156 421 1247 480 duum

139 565 287 586 .......
311 526 378 586 inde
400 544 455 586 suo
475 528 541 585 riuo
558 525 588 585 in
608 524 711 584 urbem
732 523 959 604 perducebatur.

224 631 294 691 Post
314 668 414 691 .....
433 629 560 709 Agrippa
591 629 693 690 aedilis
720 638 788 710 post
819 629 948 709 primum
977 631 1162 692 consulatum
1192 630 1281 690 im-9

137 745 273 817 peratore
297 736 422 796 Caesare
444 735 575 810 Augusto
598 733 625 793 ll
647 734 680 794 L.
703 735 834 797 Volcatio
857 755 929 808 cos,
953 757 1031 798 anno
1054 742 1122 816 post
1141 721 1247 795 urbem

111 841 284 904 acontium
314 839 578 921 septingentesimo
604 858 683 900 nono
714 841 828 902 decimo
858 843 895 903 ad
923 842 1085 905 miliarium
1109 840 1146 902 ab
1173 839 1247 901 urbe

138 947 345 1010 duodecimum
360 946 406 1007 uia
422 945 523 1006 Latina
541 947 723 1006 deuerticulo
744 945 882 1008 euntibus
905 948 942 1009 ab
961 949 1052 1022 Roma
1076 948 1248 1009 dextrorsus

138 1055 249 1117 milium
268 1071 411 1133 passuum
434 1051 525 1112 duum
549 1051 671 1113 alterius
704 1069 797 1128 aquae
818 1055 954 1134 proprias
984 1055 1063 1114 uires
1086 1052 1203 1130 collegit
1220 1059 1249 1113 et

138 1159 267 1239 Tepulae
288 1157 386 1219 riuum
408 1156 574 1235 intercepit.
612 1156 774 1235 adquisitae
795 1176 888 1234 aquae
905 1159 941 1220 ab
963 1160 1119 1222 inuentore
1142 1176 1248 1220 nomen

137 1266 226 1328 luliae
248 1265 349 1325 datum
371 1272 431 1334 est,
453 1261 493 1321 ita
515 1269 614 1324 tamen
629 1263 722 1323 diuisa
746 1264 923 1340 erogatione,
945 1274 977 1328 ut
999 1272 1132 1328 maneret
1152 1264 1250 1342 Tepu-

99 1385 124 1426 10
138 1374 182 1434 lae
208 1369 375 1451 appellatio.
413 1368 521 1429 ductus
545 1368 635 1430 lullae
661 1367 750 1429 efficit
772 1369 983 1446 longitudinem
1000 1388 1142 1451 passuum
1164 1369 1251 1445 quin-

137 1478 233 1540 decim
256 1474 368 1536 milium
390 1472 674 1552 quadringentorum
696 1473 800 1552 uiginti
822 1494 872 1536 sex
893 1477 938 1537 S.:
962 1496 1051 1557 opere
1076 1495 1165 1555 supra
1188 1484 1248 1536 ter·

137 1602 199 1645 ram
220 1597 363 1661 passuum
386 1587 499 1659 septem
523 1580 650 1642 milium:
680 1596 715 1638 ex
740 1595 775 1639 co
799 1579 829 1639 in
852 1583 992 1660 proximis
1014 1582 1116 1644 urbem
1135 1580 1208 1642 locis
1232 1600 1249 1642 a

138 1691 262 1770 septimo
276 1685 400 1747 miliario
417 1683 637 1745 substructione
651 1702 794 1762 passuum
809 1687 1037 1764 quingentorum
1053 1686 1156 1764 uiginti
1171 1692 1248 1756 octo,

136 1795 250 1872 reliquo
285 1809 375 1872 opere
406 1797 526 1852 arcuato
558 1808 700 1869 passuum
733 1809 784 1850 sex
812 1793 925 1853 milium
965 1793 1249 1871 quadringentorum

98 1916 123 1956 15
138 1897 323 1980 septuaginta
347 1896 449 1956 duum.
478 1902 595 1974 practer
618 1903 706 1975 caput
727 1896 817 1956 lullae
840 1887 988 1968 transiluit
1010 1918 1085 1977 aqua
1105 1918 1180 1976 quae
1196 1917 1250 1959 uo·

137 2014 221 2067 catur
241 2002 360 2065 Crabra.
393 2002 469 2061 hano
488 2000 616 2080 Agrippa
636 2002 748 2073 omisit,
773 2021 824 2062 seu
846 2002 914 2080 quia
936 2003 1160 2083 inprobauerat‚
1184 2003 1249 2064 siue

135 2111 203 2190 quia
224 2109 398 2172 Tusculanis
420 2106 647 2188 possessoribus
675 2109 898 2187 relinquendam
918 2109 1075 2186 'credebam
1105 2130 1139 2172 ea
1166 2129 1250 2171 nam·

136 2237 194 2296 que
216 2226 262 2278 est
281 2235 370 2294 quam
392 2235 496 2278 omnes
517 2215 603 2275 uillae
624 2221 737 2274 tractus
762 2214 825 2274 eius
850 2233 904 2293 per
927 2215 1024 2275 uicem
1048 2216 1164 2276 indies
1186 2234 1250 2276 mo·

100 2333 108 2348 ·
136 2324 280 2400 dolosque
309 2329 406 2382 certos
432 2319 632 2399 dispensatam
655 2320 815 2399 accipiunt.
865 2328 910 2380 set
935 2338 995 2381 non
1024 2321 1126 2381 cadem
1147 2322 1249 2383 mode-

98 2419 251 2491 mratione
271 2426 383 2505 aquarii
404 2426 499 2487 nostri
518 2433 632 2504 partem
654 2425 719 2486 eius
745 2443 863 2505 semper
884 2427 913 2486 in
939 2426 1178 2506 subplementum
1201 2425 1250 2486 lu·

136 2535 191 2596 liae
220 2532 459 2603 uindicauerunt,
494 2551 550 2592 nec
576 2541 609 2592 ut
639 2534 741 2594 Iuliam
769 2539 929 2610 augerent,
958 2550 1046 2609 quam
1074 2532 1249 2594 hauriebant

136 2639 286 2717 largiendo
310 2639 457 2716 conpendi
484 2639 529 2700 sui
550 2638 652 2716 gratia.
698 2638 810 2698 exclusi
834 2655 904 2715 ergo
934 2637 1073 2699 Crabram
1100 2644 1130 2697 et
1156 2644 1247 2698 totam

135 2745 220 2807 iussu
241 2742 429 2822 imperatoris
450 2744 564 2806 reddidi
581 2743 772 2814 Tusculanis,
794 2744 845 2822 qui
868 2762 947 2805 nunc
967 2744 1091 2806 forsitan
1107 2762 1168 2805 non
1183 2742 1249 2819 sine

136 2848 338 2911 ammiratione
361 2869 425 2911 eam
453 2859 575 2913 sumunt
599 2849 693 2929 ignari
728 2850 775 2911 cui
801 2869 906 2911 causae
928 2850 1076 2911 insolitam
1098 2848 1250 2910 abundan-

98 2978 123 3017 as
137 2957 206 3017 tiam
234 2955 370 3017 debeant.
414 2955 486 3016 lolia
511 2964 608 3017 autom
639 2956 788 3017 reuocatis
817 2955 1063 3028 deriuationibus,
1095 2975 1148 3036 per
1173 2973 1248 3033 quas

137 3059 367 3140 surripiehatur,
395 3062 515 3122 modum
538 3080 624 3122 suum
647 3062 782 3138 quamuis
808 3060 929 3122 notabili
953 3059 1084 3121 siccitate
1108 3060 1248 3121 seruauit.

136 3169 241 3228 eodem
269 3185 346 3228 anno
375 3167 502 3246 Agrippa
537 3168 643 3227 ductos
671 3165 797 3244 Appiae,
831 3165 966 3237 Anionis,
999 3164 1125 3226 Marciae
1152 3183 1248 3243 paene

206 3327 360 3377 ldeaticula
381 3326 484 3388 (nticula
509 3317 664 3387 obscurelll
688 3325 693 3394 Ι
723 3327 790 3376 ado
813 3325 817 3391 Ι
844 3323 1010 3397 dextrorllsus
1033 3330 1068 3376 ito
1090 3334 1116 3375 ut
1136 3328 1249 3376 alteror

135 3416 188 3482 (uel
199 3418 225 3484 a)
237 3421 311 3468 multo
319 3426 380 3481 post
389 3417 479 3466 addita
489 3419 522 3466 sit
534 3417 554 3466 0
567 3414 571 3484 Ι
587 3419 653 3466 inter
670 3417 819 3466 dextrorsus
838 3425 862 3466 ct
878 3418 973 3467 milium
986 3420 1092 3484 quiaque
1109 3421 1250 3470 litterarum

133 3514 241 3574 epatium
257 3512 283 3559 ia
301 3510 322 3559 0
341 3509 344 3573 Ι
367 3509 382 3556 2
399 3507 453 3556 riuo
471 3508 552 3559 onae
573 3506 578 3575 Ι
603 3508 618 3559 3
634 3508 739 3557 uidetur
752 3507 909 3558 scribendum
930 3510 990 3560 Post
1007 3526 1088 3563 annos
1104 3511 1249 3562 LXXXXlI

135 3600 169 3650 M.
187 3601 303 3666 Agrippa
325 3601 431 3664 quiaque
457 3614 537 3648 scarae
561 3601 700 3648 litterarum
717 3600 826 3659 spatium
843 3601 902 3651 ioO
927 3597 932 3665 Ι
957 3602 1090 3652 Aconsnle
1106 3603 1127 3652 0
1144 3601 1148 3664 Ι
1168 3602 1184 3652 (l
1204 3602 1248 3652 de·

135 3692 258 3741 uerticulo
276 3691 336 3740 add.
355 3688 494 3738 Saturnius
520 3689 524 3747 Ι
549 3690 564 3737 7
585 3705 633 3752 qne
653 3689 920 3755 0,em.Scuaozius1
942 3692 1050 3756 collegid
1065 3695 1086 3744 C
1102 3693 1105 3757 Ι
1124 3693 1140 3742 8
1160 3693 1250 3756 adqu'r

135 3783 234 3845 sitaque
253 3782 280 3843 Ο,
299 3797 343 3830 em.
361 3780 501 3830 Scleultzius
521 3781 524 3842 Ι
542 3778 650 3844 911th
670 3778 701 3829 10
713 3776 855 3842 quindecim
870 3782 890 3831 0
908 3781 912 3843 Ι
933 3781 962 3830 ll
974 3782 1089 3844 fortasse
1104 3798 1165 3834 sexs
1180 3783 1184 3847 Ι
1202 3796 1249 3847 ope

136 3872 179 3936 Ol
206 3871 237 3921 12
253 3871 341 3919 urbem
358 3873 452 3933 scripsi
467 3871 596 3934 urbisCl
622 3868 654 3921 16
671 3870 822 3934 agryppaO
846 3873 850 3934 Ι
878 3873 908 3922 17
926 3873 962 3921 Εο
980 3873 1020 3935 Ol
1049 3874 1080 3925 19
1099 3872 1248 3922 moderano-

136 3979 193 4013 nem
209 3960 248 4029 Cl
264 3961 298 4013 20
312 3977 359 4028 par
370 3990 481 4012 ·······
498 3962 585 4011 eiusO
601 3960 737 4009 maximam
750 3958 790 4007 uel
807 3962 930 4026 potiorem
947 3963 1056 4012 Poleour
1074 3970 1099 4011 et
1112 3960 1251 4010 Schultzius

135 4053 308 4116 addiderunt!
328 4054 508 4103 sublimentum
531 4053 551 4102 0
572 4049 577 4116 Ι
598 4052 629 4101 21
654 4051 865 4100 udindicauerunt
881 4053 901 4102 0
919 4049 923 4119 Ι
945 4053 978 4102 ud
998 4053 1018 4102 0
1038 4048 1042 4115 Ι
1064 4051 1097 4098 22
1115 4050 1249 4115 conplendi

136 4148 168 4208 0,
192 4162 236 4198 ero.
258 4145 384 4195 locandus
405 4140 410 4210 Ι
432 4143 528 4192 exclusi
549 4142 713 4192 Dedert'cltius
732 4142 898 4205 ExclusaGl
921 4141 1043 4190 'crabraO
1066 4139 1122 4202 Ι23
1140 4141 1250 4192 reddidit

136 4239 169 4303 0,
194 4253 237 4288 em.
255 4236 396 4286 Schultzt'us
415 4231 419 4302 Ι
441 4236 474 4283 27
490 4249 606 4300 agryppe
623 4233 643 4283 0
659 4234 662 4296 Ι
684 4234 741 4298 apie
760 4234 867 4297 aaronis
887 4233 907 4282 0
