2798 4896
173 240 214 306 30
597 259 678 304 rvnn
700 258 857 304 raonarm

173 431 210 472 ne
226 411 295 490 quid
312 411 393 473 uelut
408 409 551 472 formulae
567 411 655 473 officii
670 411 756 473 desit.
786 411 822 472 iis
840 411 947 490 quibus
960 411 1088 482 sufficiet
1106 407 1286 489 cognouisse

172 538 304 590 summa,
325 516 424 578 licebit
444 518 571 580 transire
587 519 710 581 leuiora.

129 628 163 680 78
256 625 301 685 Fit
324 643 394 703 ergo
420 623 587 685 distributio
608 622 809 702 quinariarum
833 622 1069 701 quattuordecim
1099 623 1212 684 milium
1233 625 1287 684 de·
1316 700 1320 705 .

171 749 236 793 cem
266 738 295 791 et
317 737 400 804 octo,
425 728 465 790 ita
493 736 524 789 ut
550 730 701 807 quinariae
730 727 912 801 ccccxxi,
947 746 1022 806 qnae
1048 747 1082 788 ex
1107 728 1285 806 quibusdam

170 837 255 915 aquis
275 836 305 896 in
324 835 502 897 adiutorium
524 835 647 898 aliarum
661 837 769 898 dantur
784 843 813 896 et
831 834 878 896 bis
900 835 930 895 in
954 835 1082 914 speciem
1103 833 1312 911 erogationiss

171 943 293 1013 cadunt,
315 939 406 1001 semel
423 939 453 1000 in
473 943 711 1021 conputationem
727 944 856 1003 ueniant.
899 959 935 1000 ex
949 939 995 999 bis
1013 938 1186 1000 diuiduntur
1201 946 1285 999 extra

171 1048 275 1110 urbem
303 1045 455 1123 quinariae
478 1055 617 1126 quattuor
640 1049 718 1110 milia
749 1047 899 1126 sexaginta
925 1053 1001 1107 trest
1038 1045 1198 1122 exquibus
1230 1063 1285 1105 no·

171 1142 249 1216 mide
265 1149 400 1213 Caesaris
416 1153 565 1229 quinariae
580 1154 659 1215 mille
676 1155 878 1234 septingentae
893 1155 996 1214 decern
1015 1159 1044 1211 et
1058 1159 1141 1222 octo,
1157 1149 1283 1230 priuatis

170 1256 323 1336 quinariae
338 1275 378 1318 00
397 1276 438 1318 00
461 1258 673 1319 CCCXXXXV.
721 1258 853 1338 reliquae
883 1259 958 1319 intra
981 1257 1084 1318 urbem
1106 1253 1183 1313 Vllll
1203 1252 1283 1314 milia

171 1371 339 1442 nongentae
364 1363 573 1442 quinquaginta
595 1365 724 1444 quinque
747 1364 997 1427 distribuebantur
1028 1363 1058 1422 in
1087 1358 1207 1420 castella
1228 1359 1282 1419 du·
1297 1381 1322 1421 ro

117 1449 138 1471 ,
171 1480 257 1534 centa
283 1470 476 1550 quadraginta
502 1475 632 1549 septem:
662 1489 702 1531 eac
728 1471 836 1549 quibus
862 1468 1061 1546 erogabantur
1084 1465 1140 1526 snb
1163 1463 1284 1524 nomine

171 1580 306 1640 Caesaris
337 1554 487 1656 quinariae
517 1573 597 1635 mille
634 1578 838 1656 septingentae
874 1582 989 1654 septem
1023 1574 1128 1642 semis,
1156 1569 1281 1649 priuatis

170 1683 321 1763 quinariae
335 1682 390 1743 tria
409 1680 487 1742 milia
502 1679 688 1757 octingentae
702 1681 893 1760 qnadraginta
918 1689 1047 1761 septem,
1066 1678 1169 1739 usibus
1186 1675 1285 1756 publi·

170 1791 213 1852 cis
238 1788 389 1869 quinariae
411 1793 550 1865 quattuor
569 1785 647 1846 milia
663 1787 894 1865 quadringentae
925 1806 999 1850 una:
1028 1805 1062 1847 ex
1085 1801 1121 1844 eo
1141 1781 1280 1843 castris*

169 1893 322 1973 quinariae
338 1893 482 1953 ducentae
504 1891 689 1969 septuaginta
706 1911 829 1966 nouem,
851 1893 992 1973 operibus
1012 1887 1139 1971 publicis
1162 1895 1321 1967 septae-15

169 2001 251 2079 ginta
270 1999 400 2078 quinque
422 1996 571 2084 quinariae
592 2014 632 2056 00
651 2015 692 2057 00
713 1997 813 2070 CCCl,
835 1998 1009 2060 muneribus
1032 1995 1150 2073 triginta
1170 2012 1280 2054 nonem

169 2106 320 2184 quinariae
338 2101 560 2174 CCCLXXXVI,
577 2101 689 2163 lacibus
705 2101 874 2181 quingentis
892 2100 1050 2180 nonaginta
1065 2102 1115 2161 uni
1129 2100 1281 2178 quinariae

170 2234 208 2274 σο
223 2220 373 2275 trecentae
388 2209 506 2287 triginta
524 2208 664 2287 quinque.
695 2216 741 2270 set
757 2218 787 2270 et
800 2210 872 2270 baec
888 2207 952 2288 ipsa
967 2206 1147 2287 dispensatio
1159 2224 1214 2286 per
1227 2225 1280 2268 no·

168 2318 247 2379 mina
264 2335 407 2396 aquarum
422 2323 452 2376 et
470 2313 607 2392 regiones
623 2315 705 2376 urbis
726 2314 877 2395 partienda
893 2321 948 2375 est.

127 2437 161 2488 79
256 2422 300 2482 Ex
315 2420 457 2498 quinariis
472 2437 542 2497 ergo
557 2421 791 2497 quattuordecim
807 2421 925 2483 milibus
936 2420 1040 2482 decem
1056 2426 1085 2480 et
1100 2428 1176 2491 octo,
1190 2438 1278 2498 quam
1293 2438 1318 2480 ao

170 2546 314 2589 summam
331 2524 549 2603 erogationibus
565 2524 696 2586 omnium
711 2545 854 2604 aquarum
875 2525 1077 2605 seposuimus,
1099 2529 1208 2589 dantur
1225 2545 1277 2590 no·

168 2634 246 2695 mine
262 2633 371 2713 Appiae
387 2638 467 2692 extra
482 2632 585 2692 urbem
601 2632 752 2710 quinariae
769 2630 972 2694 tantummodo
987 2632 1125 2712 quinque,
1140 2633 1279 2712 qnoniam

168 2738 307 2800 bumilior
337 2741 359 2813 †
386 2738 492 2800 turetia
508 2783 517 2800 .
532 2738 723 2828 meatoribns.
759 2739 922 2816 reliquae
945 2738 1095 2816 quinariae
1124 2750 1278 2799 sescentae

167 2843 325 2921 nonaginta
341 2861 448 2906 nouem
463 2845 539 2906 intra
555 2845 659 2906 urbem
674 2844 882 2907 diuidebantur
896 2863 950 2923 per
965 2843 1102 2922 regiones
1119 2845 1277 2906 secundam

168 2948 220 3008 lix
236 2948 314 3009 Vllll
336 2947 376 3007 Xl
395 2949 448 3009 Xll
471 2950 537 3010 Xlll
562 2951 625 3010 XIV
645 2951 675 3011 in
697 2951 816 3012 castella
833 2949 951 3028 uiginti:
973 2950 1136 3027 exquibus
1157 2949 1315 3011 nominans

169 3053 301 3114 Caesaris
324 3053 477 3132 quinariae
497 3065 615 3118 centum
638 3055 848 3134 quinquaginta
875 3075 947 3128 una,
977 3055 1101 3134 priuatis
1123 3055 1275 3134 quinariae

168 3169 286 3222 centum
313 3161 472 3240 nonaginta
494 3168 647 3239 quattuor,
669 3163 770 3223 usibus
793 3161 920 3242 publicis
946 3161 1098 3240 quinariae
1126 3168 1276 3223 trecentae

96 3434 103 3447 ‚
236 3383 250 3432 l
271 3382 387 3432 ueludO
410 3379 414 3447 1
441 3380 523 3432 cl'licis
542 3384 562 3434 0
581 3380 585 3447 Ι
607 3385 759 3433 ’ὶειιηιηιωη
778 3379 819 3446 01
841 3382 857 3433 3
876 3382 914 3431 Fit
930 3381 1070 3432 Schultzius
1089 3382 1123 3431 ud
1142 3382 1164 3432 0
1186 3377 1276 3446 {milia

167 3473 188 3523 0
213 3468 217 3534 1
242 3473 259 3521 4
283 3479 310 3521 ut
327 3471 468 3523 Schultzias
490 3479 514 3522 et
538 3474 559 3524 0
580 3471 585 3538 1
611 3474 740 3536 quinariae
755 3472 899 3523 DCGLXXI
914 3479 1055 3536 praeeunte
1071 3473 1169 3524 Poleno
1185 3471 1279 3533 scripsi

167 3555 453 3642 quadranogeritriginta
478 3592 550 3626 sex.
572 3578 699 3640 qniaunus
724 3578 745 3627 0
776 3577 780 3640 1
809 3577 953 3628 badintori
982 3577 1061 3626 nisO
1093 3574 1097 3638 Ι
1132 3573 1149 3626 ll
1171 3574 1276 3623 ueniant

164 3665 304 3718 Schultzius
325 3666 431 3715 ueniunt
447 3665 468 3715 0
487 3665 492 3730 1
512 3666 612 3718 evuu
634 3668 696 3722 add.
712 3668 830 3719 Polenus.
858 3668 1066 3730 transponendum
1084 3680 1137 3714 eum
1150 3663 1277 3714 Schultzio

165 3755 278 3820 reliquae
297 3755 429 3819 quinariae
447 3757 517 3807 Vllll
536 3758 605 3808 milia
624 3756 770 3808 DCCCGLV
786 3758 852 3806 intra
872 3760 959 3809 urbem
984 3757 988 3822 1
1015 3757 1044 3808 11
1068 3771 1100 3804 ex
1114 3753 1275 3806 11008011ιά-

164 3859 227 3906 taius
251 3857 256 3920 1
277 3859 310 3908 14
328 3835 538 3927 quadrnollgente
556 3861 576 3912 0
600 3861 604 3924 1
633 3861 723 3910 castris
741 3860 914 3912 ducentinarie
930 3862 951 3911 0
966 3860 1017 3909 XX
1036 3860 1166 3923 quinariae
1187 3857 1275 3910 Sedul-

164 3950 228 3998 tzius
246 3947 271 3996 X
290 3957 315 3997 et
333 3949 401 3999 Vllll
421 3952 552 4014 quinariae
569 3953 680 4002 Polenus
700 3951 704 4015 1
727 3951 759 4002 15
777 3952 885 4002 ducenta
900 3953 921 4003 0
939 3952 943 4016 Ι
964 3952 1072 4018 publicis
1088 3949 1171 4001 *XCVI
1187 3949 1275 4001 Sedul-

165 4039 229 4088 tzr'ns
238 4037 385 4089 LXXXXV
397 4041 506 4091 Potentes
520 4040 525 4104 Ι
542 4040 573 4091 1ss
583 4043 689 4093 limillia
704 4042 911 4094 CCCClPolenas
925 4042 929 4105 Ι
946 4044 978 4093 17
991 4041 1163 4106 quingentae*
1175 4040 1179 4105 1
1194 4056 1273 4090 unum

166 4129 203 4194 01
221 4129 253 4180 18
269 4138 381 4181 trecenta
400 4131 437 4194 01
456 4131 487 4182 19
499 4133 630 4197 parnenda
648 4133 669 4181 0
691 4131 695 4195 1
719 4131 753 4183 23
767 4133 846 4181 oritur
861 4138 886 4179 et
900 4145 915 4179 a
929 4131 1088 4179 meritoribus
1104 4133 1159 4180 cod.
1169 4160 1173 4166 -
1184 4132 1243 4180 Vnt.
1268 4128 1272 4193 1

165 4230 276 4271 scacente
288 4222 325 4286 01
341 4221 375 4272 26
391 4237 468 4271 unum
479 4220 518 4284 01
538 4223 572 4273 27
589 4223 678 4272 usibus
691 4223 836 4273 additumin
852 4221 891 4269 ed.
908 4219 1094 4270 Dedericbiann
1109 4219 1113 4282 1
1129 4227 1240 4270 trecenta
1256 4219 1277 4269 0
