2798 4896
416 278 459 322 nn
482 278 577 330 aevis
600 276 695 322 vnnrs
718 277 827 321 nouae
852 279 947 321 ursan
970 276 996 320 11
1219 255 1259 320 33

147 433 244 496 uarias
264 430 440 494 CCCCXXX
463 449 587 506 uouem;
610 430 682 491 Anio
702 449 799 492 nouus
822 430 939 491 rrouriue
963 428 1096 491 Caesaris
1111 428 1260 507 quinarias

148 541 351 621 septingentas
367 538 471 618 uiginti
495 546 573 599 octo.
605 535 735 614 reliquae
757 535 909 614 utriusque
935 535 1086 615 quinariae
1104 535 1159 598 tria
1180 534 1259 597 milia

146 646 376 726 quadringentae
391 643 549 722 nonaginta
568 650 634 703 octo
653 642 729 704 iutra
746 643 849 706 urbem
867 644 1077 706 diuidebantur
1095 660 1150 722 per
1165 640 1260 720 regio-

146 771 198 813 nes
215 751 298 813 urbis
313 751 393 812 Xllll
409 754 438 812 in
462 749 581 813 castella
597 748 758 827 nonaginta
775 748 852 812 duo:
872 751 1030 830 exquibus
1052 749 1170 810 nomine
1187 750 1260 810 Cae-

103 878 115 915 s
147 858 222 918 saris
240 856 391 935 quinariae
413 857 601 936 octingentae
616 852 729 925 XVllll,
746 854 869 934 priuatis
888 856 1039 935 quinariae
1055 875 1094 916 σο
1108 856 1258 934 sexaginta

146 970 275 1043 septem,
302 965 406 1027 usibus
427 963 555 1046 publicis
580 963 729 1041 quinariae
754 983 792 1024 00
808 961 874 1023 Xll:
903 981 939 1024 ex
960 981 995 1023 eo
1023 963 1128 1024 castris
1150 981 1258 1024 nouem

144 1071 295 1149 quinariae
311 1079 431 1132 centum
451 1069 642 1147 quadraginta
658 1088 781 1142 nouem,
803 1070 942 1150 operibus
963 1068 1090 1148 publicis
1106 1069 1209 1130 decem
1228 1076 1258 1128 et

144 1185 210 1238 octo
241 1177 392 1255 quinariae
421 1174 639 1246 CCCLXXllll‚
671 1175 845 1237 muneribus
873 1173 926 1233 Xll
956 1174 1108 1252 quinariae
1138 1184 1256 1236 centum

145 1291 273 1361 septem,
296 1282 410 1345 lacibus
427 1282 473 1342 CC
489 1281 591 1360 uiginti
610 1300 660 1342 sex
676 1280 825 1358 quinariae
843 1278 1055 1340 CCCCXXCll.

107 1407 131 1446 ro
230 1388 309 1450 llaec
330 1388 414 1467 copia
433 1407 575 1467 aquarum
592 1387 628 1449 ad
651 1386 780 1447 Neruam
799 1386 1006 1466 imperatorem
1027 1404 1122 1464 usque
1144 1404 1257 1466 conpu-
1274 1395 1308 1448 87

144 1500 201 1554 tata
219 1495 254 1554 ad
269 1494 348 1555 lrunc
360 1495 480 1556 modum
494 1493 719 1555 discribebatur.
745 1511 825 1554 nunc
840 1492 1025 1574 prouidentia
1039 1491 1256 1570 diligentissimi

143 1599 284 1681 principis
308 1600 446 1678 quicquid
471 1608 522 1661 aut
546 1599 699 1661 lraudibus
721 1600 909 1676 aquariorum
928 1597 1179 1678 intercapiebatur
1205 1604 1256 1658 ant

143 1704 247 1765 inertia
269 1704 509 1784 peruertebatur‚
530 1705 614 1784 quasi
635 1724 711 1766 noua
725 1703 897 1765 inuentione
912 1704 1035 1766 loutium
1051 1703 1190 1767 adcreuit.
1221 1721 1256 1765 ae

142 1829 235 1889 prope
252 1810 398 1891 duplicata
420 1811 539 1874 ubertas
560 1820 606 1873 est
622 1819 726 1872 ettam
742 1810 844 1872 sedula
861 1810 967 1872 deiude
984 1809 1140 1891 partitione
1156 1809 1256 1870 distri-

104 1934 127 1973 15
141 1914 230 1985 buta,
252 1921 284 1976 ut
305 1915 475 1995 regionibus
495 1919 603 1996 quibus
628 1918 760 1996 singulae
778 1916 947 1978 seruiebant
968 1932 1061 1995 aquae
1082 1914 1182 1994 plures
1203 1914 1256 1976 da-

99 2095 102 2099 ,
141 2030 261 2090 rentur,
288 2028 435 2099 tamquam
459 2025 557 2087 Caelio
585 2033 613 2085 et
636 2023 781 2085 Auentino
806 2022 835 2082 iu
864 2041 940 2100 quos
968 2022 1030 2084 sola
1060 2024 1177 2086 Claudia
1200 2043 1255 2106 per

141 2141 228 2183 arcus
243 2123 425 2188 Neronianos
440 2132 611 2201 ducebatur,
634 2149 693 2208 quo
709 2129 796 2192 tiebat
816 2137 848 2189 ut
862 2128 1002 2206 quotiens
1021 2131 1142 2192 reiectio
1158 2132 1253 2209 aliqua

143 2229 367 2302 interuenisset,
399 2233 582 2297 celeberrimi
612 2235 703 2296 colles
733 2237 858 2296 sitirent.
903 2234 1012 2312 quibus
1044 2254 1124 2297 nuuc
1151 2236 1252 2315 plures

141 2353 232 2412 aquae
248 2342 278 2394 et
292 2335 321 2394 iu
336 2337 438 2415 primis
450 2338 556 2401 Marcia
571 2341 684 2402 reddita
701 2340 799 2419 amplo
813 2359 903 2420 opere
919 2361 935 2402 a
954 2342 1013 2420 Spe
1030 2340 1058 2401 iu
1075 2332 1251 2401 Auentinum

103 2461 128 2500 eo
143 2458 236 2518 usque
258 2439 440 2521 perducitur.
479 2446 574 2524 adque
594 2446 681 2507 etiam
702 2445 780 2507 omui
804 2455 888 2526 parte
906 2447 987 2508 urbis
1009 2448 1092 2507 lacus
1108 2452 1167 2506 tam
1183 2445 1252 2505 noui

140 2565 229 2623 quam
252 2555 368 2610 ueteres
383 2549 516 2630 plerique
536 2552 621 2613 binos
637 2552 777 2613 salientes
799 2551 984 2615 diuersarum
1005 2571 1147 2631 aquarum
1168 2569 1253 2612 acce·

141 2662 263 2731 perunt,
288 2661 319 2714 ut
343 2653 368 2713 si
391 2639 478 2716 casus
498 2657 668 2720 alterutram
683 2659 872 2738 impedisset,
896 2659 986 2720 altera
1010 2637 1174 2719 sullid'iente
1192 2675 1250 2717 uon

138 2757 350 2820 destitueretur
365 2779 446 2823 usus.
492 2763 581 2824 sentit
600 2765 677 2827 banc
699 2784 800 2826 curam
826 2763 1012 2843 imperatoris
1034 2760 1158 2842 piissimi
1177 2762 1251 2822 Ner·
1268 2772 1303 2823 88

142 2883 195 2925 uae
221 2863 364 2944 principis
385 2863 431 2926 sui
451 2867 551 2944 regina
572 2877 601 2930 et
622 2869 740 2932 domina
763 2869 844 2931 orbis
866 2869 896 2929 iu
917 2867 980 2930 dies
998 2870 1084 2947 [quae
1105 2875 1249 2928 terrarum

211 3072 222 3122 l
242 3072 341 3137 enyoC
363 3067 367 3136 Ι
391 3073 504 3134 quinario
519 3077 708 3143 septingenteC
721 3075 869 3127 DCCXXXl
888 3077 998 3126 Potentes
1015 3092 1032 3124 o
1047 3090 1094 3140 quo
1112 3074 1208 3125 inducti
1225 3075 1252 3123 in

139 3161 185 3210 boe
210 3169 286 3224 caput
308 3166 404 3214 numera·
423 3165 581 3228 improbandi
592 3184 693 3238 omues.
732 3167 840 3234 priuatis
865 3164 1015 3215 cccrxuu
1039 3164 1100 3216 add.
1119 3158 1250 3222 Polenusl

140 3251 156 3299 ’2
184 3252 216 3300 lll
241 3253 309 3302 mille
338 3251 518 3304 DCGCXXllll
541 3258 650 3308 Poleour
689 3256 692 3323 Ι
741 3257 872 3307 bXVllll
897 3257 990 3318 scripsi
1009 3253 1160 3318 quindecim.
1188 3251 1253 3304 uc

140 3338 464 3394 DCCLXXVlliIPolenuo
484 3345 488 3407 l
510 3345 892 3398 MDCCCXXXVllllPotenus.
913 3346 1069 3397 scribendum
1083 3343 1225 3394 MDLXVil
1245 3342 1249 3410 Ι

139 3427 266 3479 duccvr
286 3431 573 3486 Poienue.scridendum
592 3436 682 3485 ucxu
698 3437 703 3501 Ι
718 3437 734 3486 7
754 3437 821 3487 Cllll
840 3437 948 3486 Potentes
963 3436 968 3500 Ι
982 3433 1103 3486 snxxu
1117 3435 1228 3484 Polemio
1245 3436 1251 3496 Ι

139 3517 324 3568 LXXXXVllll
337 3522 446 3573 Potentes
461 3522 465 3589 Ι
480 3524 664 3577 ocerannus
678 3526 806 3576 centumC
819 3527 823 3590 Ι
839 3524 1013 3576 CCCCXXCll
1023 3526 1117 3586 scripsi
1123 3522 1250 3573 CCCCXX

139 3618 163 3658 et
181 3609 223 3659 Cil
245 3611 312 3674 quod
331 3621 415 3674 potest
432 3630 487 3664 esee
504 3614 679 3666 CCCCXXCV
703 3614 928 3667 CCCCCLXXXI
952 3616 1063 3665 Poleour
1082 3614 1087 3678 Ι
1110 3615 1138 3665 ll
1160 3614 1250 3663 discri-

139 3701 243 3750 bebatur
261 3703 354 3765 scripsi
365 3703 555 3754 describebatur
566 3704 603 3769 Ol
622 3706 652 3755 12
666 3705 717 3754 aud
728 3705 861 3756 fraudibus
880 3708 900 3757 0
914 3705 918 3773 Ι
936 3706 966 3757 13
984 3706 1145 3772 peruertebot
1159 3705 1186 3762 (i,
1204 3717 1249 3753 em.

137 3793 192 3845 eod.
215 3793 300 3845 Pario.
318 3791 322 3860 Ι
338 3795 479 3843 adcrenerit
498 3795 536 3858 Ol
554 3794 585 3848 14
601 3788 689 3863 prope'
703 3797 724 3846 0
737 3793 742 3862 Ι
756 3796 884 3862 duplicate
907 3797 960 3846 Feu
977 3799 1058 3846 storia
1083 3795 1148 3843 delle
1170 3808 1250 3858 acque

135 3898 162 3945 p.
183 3883 217 3934 53
238 3891 263 3934 ei
279 3884 330 3936 347
355 3886 482 3952 publicata
497 3887 517 3936 0
535 3885 539 3948 Ι
559 3894 652 3936 ettam
676 3888 770 3950 scs-ipsi
785 3894 836 3936 tam
854 3895 879 3937 et
898 3888 919 3937 0
936 3895 1019 3936 temen
1039 3893 1064 3934 et
1080 3884 1135 3936 cod.
1159 3883 1221 3932 Vrb.
1243 3879 1248 3947 Ι

136 3975 269 4038 parntione
287 3976 309 4025 C
329 3973 334 4041 Ι
355 3977 386 4026 15
406 3985 449 4026 eut
467 3975 511 4039 Cl
533 3976 564 4026 17
584 3979 676 4042 ndCl
700 3978 875 4030 deiectiocod.
900 3976 962 4027 Vrb.
988 3978 993 4042 Ι
1022 3974 1053 4024 19
1068 3981 1128 4037 post
1152 3973 1249 4022 reddite

136 4066 238 4114 aialetar
264 4067 423 4117 intercidisse
446 4080 510 4130 qnae
539 4065 545 4132 Ι
578 4069 688 4134 operio
723 4068 728 4130 Ι
765 4065 815 4132 Spe
838 4066 978 4118 Sodrdtziua
999 4082 1026 4115 se
1046 4067 1067 4116 0
1091 4066 1098 4127 Ι
1136 4065 1170 4116 23
1188 4079 1249 4112 eura

136 4156 156 4202 0
176 4155 181 4216 Ι
204 4160 237 4207 ‘24
257 4173 321 4220 quae
332 4183 363 4193 -
375 4158 514 4208 secundum
532 4157 614 4209 deleri
624 4160 696 4208 iussit
711 4157 811 4221 Lipsius
829 4158 861 4207 de
877 4173 957 4223 mago.
973 4157 1043 4210 liora.
1057 4156 1109 4206 12.
1125 4157 1159 4220 es.
1176 4156 1249 4204 Mar-

136 4246 205 4292 tialis
223 4249 302 4310 epigr.
322 4247 382 4295 XII
393 4248 419 4310 8,
440 4247 453 4298 l
471 4248 527 4297 et2

107 4381 126 4412 .·
188 4344 341 4385 recurrere
361 4349 396 4384 nn
413 4348 495 4392 torre
1028 4330 1046 4390 3
