2798 4896
408 273 450 318 nn
472 273 568 327 sarrs
592 271 687 318 vnsrs
709 271 820 316 nouxa
841 268 937 314 monn
957 265 983 311 11
1206 243 1246 308 45

138 429 279 493 dantium.
312 436 371 490 tam
394 428 524 507 amplum
544 445 699 487 numerum
723 423 875 501 utriusque
897 418 1022 482 familiae
1045 417 1165 478 solitum
1187 436 1249 478 am·

138 537 246 598 bitione
262 545 313 599 aut
333 533 511 612 negligentia
533 531 769 612 praepositorum
789 529 818 590 in
834 528 949 609 priuata
971 544 1061 606 opera
1082 524 1180 585 diduci
1202 543 1249 585 re-

138 661 244 704 uocare
259 642 296 703 ad
310 639 437 718 aliquam
452 636 636 718 disciplinam
653 643 682 696 et
697 634 815 715 publica
830 631 991 695 ministeria
1006 630 1045 691 ita
1060 629 1248 703 instituimus,

138 756 169 809 ut
184 747 278 827 pridie
293 746 363 825 quid
384 754 464 806 esset
481 750 582 806 actura
597 743 776 804 dictaremus
798 739 912 818 etquid
933 756 1050 817 quoque
1071 737 1117 798 die
1138 737 1250 816 egisset

112 852 212 913 sactis
243 852 544 932 conprehenderetur.
586 849 738 912 commoda
766 846 901 928 publicae
926 842 1053 906 lamiliae
1077 862 1111 905 ex
1135 844 1310 908 aerariollss

138 959 259 1028 dantur,
288 958 365 1037 quod
394 955 565 1038 inpendium
592 960 767 1016 exoneratur
793 952 979 1031 uectigalium
1010 951 1106 1012 reditu
1134 950 1170 1011 ad
1203 950 1249 1011 ius

139 1083 281 1141 aquarum
296 1062 516 1144 pertinentium.
550 1081 583 1124 ea
599 1066 736 1122 constant
752 1079 787 1121 ex
800 1059 875 1121 locis
896 1056 1076 1120 aedificiisue
1092 1074 1166 1135 quae
1182 1063 1251 1117 sunt

139 1170 217 1230 circa
232 1171 338 1231 duc-tus
353 1174 384 1230 ct
397 1169 517 1231 castella
533 1175 584 1229 aut
599 1183 720 1228 munera
732 1174 783 1226 aut
797 1166 887 1226 lacus.
913 1182 1000 1242 quem
1014 1162 1142 1224 reditum
1158 1179 1251 1242 prope

140 1275 343 1337 sestertiorum
354 1276 550 1337 ducentorum
561 1271 773 1352 quinquaginta
788 1269 899 1331 milium
915 1269 1073 1331 alienatum
1086 1287 1121 1330 ac
1132 1286 1250 1346 uagum,

42 1368 44 1372 ¹
104 1402 128 1441 ro
143 1381 282 1461 proximis
305 1400 376 1442 uero
392 1379 575 1460 temporibus
591 1380 621 1440 in
643 1377 800 1439 Domitiani
814 1376 928 1437 loculos
947 1393 1126 1437 conuersum
1141 1374 1252 1435 iustitia

141 1485 202 1547 diui
222 1487 336 1548 Neruae
352 1485 462 1567 populo
483 1484 628 1557 restituit,
652 1491 754 1545 nostra
776 1480 916 1585 sedulitas
937 1481 973 1541 ad
997 1487 1106 1541 certam
1121 1479 1251 1558 regulam

141 1591 269 1669 redegit,
286 1599 318 1652 ut
338 1599 489 1654 constaret
502 1609 577 1668 quae
596 1598 696 1652 essent
712 1591 748 1652 ad
764 1590 821 1650 hoc
840 1585 965 1666 uectigal
981 1587 1157 1668 pertinentia
1177 1586 1251 1648 loca.

143 1695 277 1758 Caesaris
292 1697 397 1759 lamilia
414 1716 450 1757 ex
466 1697 538 1758 lisco
553 1696 659 1776 accipit
675 1697 843 1767 commoda,
861 1696 940 1758 unde
956 1702 985 1754 et
998 1711 1085 1756 omne
1099 1690 1252 1772 plumbum

137 1788 171 1863 ¹et
188 1821 304 1864 omues.
314 1803 465 1884 impensae
480 1805 516 1865 ad
531 1804 639 1864 ductus
659 1808 689 1862 et
703 1799 823 1863 castella
844 1810 874 1863 et
888 1800 969 1862 lacus
985 1800 1168 1879 pertinentes
1188 1817 1253 1860 ero·

105 1930 129 1969 rs
143 1915 258 1986 gantur.
1308 1896 1314 1911 ’

229 2013 373 2084 Quoniam
390 2032 465 2091 qtroe
481 2013 655 2076 uidebantur
672 2014 709 2075 ad
730 2014 869 2076 lamiliam
890 2013 1037 2093 pertinere
1053 2009 1252 2090 exposuimus,
1263 2017 1312 2071 111

144 2117 179 2177 ad
201 2118 320 2178 tutelam
342 2117 484 2180 ductuum
504 2119 581 2181 sicut
601 2120 794 2198 promiseram
815 2120 1013 2192 diuertemus‚
1035 2136 1097 2178 rem
1124 2116 1252 2177 enixiore

145 2243 215 2284 cura
232 2224 368 2302 dignam,
392 2242 458 2284 cum
480 2224 688 2303 magnitudinis
709 2224 832 2285 Romani
854 2222 969 2303 imperii
993 2222 1040 2283 uel
1062 2222 1252 2303 praecipuum

146 2329 184 2388 sit
206 2328 354 2389 indicium.
398 2328 488 2390 multa
507 2338 594 2408 atque
618 2330 713 2410 ampla
728 2325 816 2409 opera
834 2328 957 2389 subinde
979 2327 1161 2403 dilabuntur,
1188 2327 1252 2405 qui·

107 2434 201 2497 robus
232 2443 299 2494 ante
332 2436 464 2497 succurri
492 2435 580 2496 debet
608 2454 695 2514 quom
720 2455 827 2514 magno
856 2433 962 2496 auxilio
988 2451 1073 2512 egere
1104 2431 1254 2511 incipiant,

145 2540 318 2619 plerumque
343 2547 441 2602 tamen
466 2541 602 2622 prudenti
625 2548 857 2622 temperamento
884 2539 1075 2614 sustinenda,
1103 2539 1170 2616 quia
1195 2556 1254 2598 non

145 2665 264 2727 semper
283 2666 358 2728 opus
374 2654 423 2708 aut
442 2648 539 2709 lacere
562 2657 611 2709 aut
626 2649 766 2730 ampliare
782 2646 991 2727 quaerentibus
1007 2645 1185 2710 credendum
1199 2653 1254 2704 est.

146 2753 270 2831 ideoque
284 2770 343 2815 non
364 2754 461 2815 solum
485 2754 607 2816 scientia
630 2755 791 2834 peritorum
811 2763 858 2817 set
873 2763 903 2816 et
924 2753 1044 2835 proprio
1067 2771 1123 2814 usu
1138 2759 1256 2813 curator

146 2859 308 2921 instructus
328 2879 395 2922 esse
412 2860 514 2936 debet,
538 2881 593 2922 nec
625 2881 695 2923 suae
720 2869 834 2923 tantum
856 2861 993 2922 stationis
1019 2859 1185 2922 architectis
1203 2857 1255 2931 uti,

109 2974 193 3026 esset
222 2965 349 3046 plurium
375 2966 520 3028 aduocare
550 2985 609 3029 non
636 2969 733 3031 minus
762 2970 849 3031 iidem
873 2986 960 3046 quam
988 2968 1195 3040 subtilitatem,
1224 2970 1257 3024 ut

147 3070 282 3133 aestimet
303 3090 378 3150 quae
408 3076 673 3154 repraesentanda,
704 3095 778 3156 quae
805 3076 966 3137 differenda
996 3074 1070 3149 sint,
1097 3082 1125 3133 et
1152 3089 1256 3133 rursus

146 3196 221 3256 quae
239 3197 293 3259 per
306 3178 507 3260 redemptores
525 3181 601 3242 effici
616 3182 751 3256 debeant,
765 3201 840 3261 quae
856 3201 909 3263 per
923 3181 1102 3243 domesticos
1119 3179 1257 3241 artifices.

147 3294 309 3346 nascuntur
331 3304 419 3365 opera
443 3305 478 3345 ex
499 3285 545 3346 bis
569 3288 681 3349 causis:
705 3297 755 3350 aut
776 3288 938 3370 inpotentia
959 3304 1163 3368 possessorum
1187 3282 1256 3362 quid
1268 3288 1318 3344 120

148 3495 318 3545 abundantius
334 3498 354 3546 0
372 3494 376 3561 1
399 3496 409 3545 1
429 3497 648 3550 ambitationemd
677 3498 901 3567 l2negligentinm
918 3501 1119 3566 ppositoromt}
1132 3500 1136 3567 1
1151 3479 1259 3562 bonoria

148 3586 235 3635 eodem
251 3601 323 3635 araon
338 3587 442 3646 deletam
460 3591 485 3636 in
500 3590 531 3650 0,
551 3605 595 3639 em.
617 3589 744 3640 Ioeuadus
766 3591 771 3656 Ι
792 3592 962 3642 lconstatC
986 3589 991 3654 Ι
1022 3591 1082 3640 loeis
1104 3591 1259 3641 aediliciisue

147 3691 239 3752 scripsi
251 3691 307 3740 olie.
324 3690 460 3742 dillloiisuc
480 3693 575 3743 Certis
592 3691 747 3749 aediliciisue
762 3693 889 3746 Ioertndus
913 3692 918 3759 1
938 3695 955 3745 8
971 3695 1060 3744 ductus
1089 3668 1261 3745 etantcastello

148 3780 250 3831 Cunde
271 3790 315 3831 aut
335 3785 390 3835 cod.
414 3786 479 3837 Vrb.
505 3784 510 3851 1
534 3786 552 3837 9
573 3785 707 3836 alienatum
729 3786 840 3835 Polenus
860 3785 976 3834 alientem
994 3786 1038 3853 01
1065 3786 1097 3835 12
1117 3793 1261 3840 constarent

146 3870 187 3937 ¹C!
207 3870 300 3921 abhoc
320 3875 341 3925 G
362 3875 367 3940 Ι
389 3876 421 3928 13
437 3891 536 3927 omnem
556 3873 599 3942 01
623 3875 654 3925 14
670 3888 740 3924 omes
760 3875 878 3940 imperise
895 3875 934 3943 01
953 3878 983 3927 17
1001 3876 1139 3927 enixiorsm
1158 3875 1179 3925 0
1199 3872 1204 3939 1
1231 3875 1262 3926 18

149 3964 189 4013 uel
209 3966 302 4027 scripsi
317 3973 344 4014 ut
364 3967 421 4016 Gid
438 3969 492 4018 rod.
516 3967 580 4029 Vrb.
598 3965 603 4033 1
621 3966 652 4017 19
667 3967 813 4017 dilabuntur
827 3967 923 4030 scripsi
939 3966 1112 4016 noscunturC
1129 3965 1263 4017 labascunt

148 4059 252 4107 coniecit
275 4042 443 4122 Kiesslt'npius
460 4074 527 4109 rosus
552 4059 557 4120 1
578 4057 612 4108 20
631 4058 666 4106 air
682 4072 731 4119 pro
749 4057 780 4105 ori
796 4055 881 4121 (ante)
898 4057 919 4107 G
936 4054 940 4122 1
961 4057 1057 4106 auxillo
1073 4064 1101 4106 ut
1117 4057 1260 4120 uideturGt

148 4160 181 4208 22
197 4175 261 4225 apus
274 4162 294 4210 0
308 4161 312 4224 1
327 4163 360 4211 25
376 4160 455 4210 sidem
471 4162 492 4212 0
509 4159 514 4223 Ι
534 4138 669 4211 27111ἓ11
688 4161 709 4210 0
727 4157 732 4224 1
753 4158 787 4210 28
804 4169 941 4210 nascuntur
959 4162 1008 4210 etsi
1022 4159 1097 4210 dodel
1109 4178 1157 4226 quo
1172 4162 1262 4226 desen-

149 4250 224 4300 datur
239 4259 319 4301 tamen
342 4253 425 4302 nescio
443 4267 476 4300 art
499 4250 537 4302 dic
554 4267 650 4316 quoque
668 4253 692 4300 in
711 4250 857 4300 dilabuntur
872 4255 905 4303 sit
921 4251 1094 4316 corripendum
1115 4249 1119 4316 1
1143 4249 1195 4317 his]
1216 4247 1229 4300 ι’
1243 4251 1264 4300 0
