2798 4896
415 274 457 315 uc
480 273 576 323 aovrs
599 274 693 320 verus
715 273 825 316 noune
846 275 943 315 cisen
958 274 983 314 11
1213 253 1252 315 23

143 421 260 502 gatioue
275 425 379 485 decem
395 431 535 501 quattuor
549 423 627 486 milia
642 425 746 485 decern
761 432 790 485 et
808 432 892 485 octo:
914 424 982 504 ptus
997 423 1027 484 in
1045 422 1253 488 distributione

143 549 231 609 quam
253 527 284 588 in
304 539 427 610 accepto
449 530 665 611 conputabatur
685 530 828 608 quinariis
850 531 928 591 mitte
943 529 1079 591 ducentis
1103 527 1253 606 sexaginta

144 635 249 696 tribus,
287 635 374 697 buius
397 635 439 695 rei
460 634 629 708 admiratio,
649 632 717 698 curn
738 637 930 717 praecipuum
952 634 1040 698 otnoii
1061 654 1137 715 opus
1156 635 1186 694 in
1202 653 1251 694 ex-

143 742 285 823 ploranda
300 743 357 802 fide
372 759 514 819 aquarum
530 742 624 820 adque
640 743 724 823 copia
740 744 907 814 crederem,
924 761 982 804 uon
999 740 1187 802 mediocriter
1203 761 1251 802 me

117 849 290 909 scouuertit
324 849 358 908 ad
390 849 600 918 scrutandum,
633 848 879 926 quemadmodum
908 848 1035 927 amplius
1069 855 1250 924 erogaretur,

142 973 230 1032 quam
247 953 279 1013 in
293 952 486 1032 patrimonio,
511 961 543 1014 ut
564 953 603 1014 ita
619 954 730 1029 dicam,
752 961 841 1016 esset.
887 960 955 1013 ante
975 952 1074 1013 omnia
1087 955 1185 1032 itaque
1203 973 1252 1015 ca·

143 1063 203 1144 pita
217 1061 361 1122 ductuum
376 1058 472 1119 metiri
488 1075 648 1136 aggressus
664 1078 746 1132 sum,
766 1068 812 1121 set
826 1060 927 1137 longe,
949 1060 978 1121 id
996 1067 1040 1120 est
1057 1058 1173 1121 circiter
1186 1059 1251 1137 qui-

142 1167 291 1231 nariarum
303 1167 404 1228 decem
420 1162 547 1235 milibus,
563 1164 736 1244 ampliorem
750 1183 837 1242 quom
853 1166 884 1225 in
897 1165 1117 1227 commentariis
1129 1163 1251 1226 modum

143 1274 258 1343 inueni,
282 1279 313 1333 ut
326 1289 380 1352 per
395 1271 527 1348 singulas
542 1270 760 1335 demonstrabo.

106 1402 131 1442 1o
228 1377 336 1458 Appiae
366 1378 397 1439 in
420 1375 638 1438 commentariis
657 1376 824 1456 adscriptus
848 1385 893 1438 est
919 1380 1025 1439 modus
1048 1376 1293 1455 quinariarun165

143 1485 379 1563 octingentarum
400 1481 602 1558 quodraginta
622 1483 718 1542 unius.
752 1483 837 1544 cuius
855 1485 1000 1562 aquaead
1022 1491 1111 1562 caput
1124 1481 1250 1542 inueniri

144 1608 281 1653 mensura
296 1608 356 1649 non
372 1588 480 1668 potuit,
497 1589 635 1665 quoniam
652 1606 688 1647 ex
704 1588 819 1649 duobus
836 1589 909 1650 riuis
927 1587 1051 1650 constat.
1081 1588 1117 1648 ad
1134 1586 1250 1647 Gemol-

83 1761 88 1768 ,
141 1697 186 1758 los
208 1705 320 1765 tamen,
343 1694 393 1771 qui
413 1693 496 1754 locus
517 1702 563 1754 est
585 1693 659 1753 infra
677 1693 766 1772 Spem
790 1703 933 1766 ueterem,
959 1695 1008 1756 ubi
1029 1692 1159 1770 iungitur
1181 1711 1249 1752 cum

142 1822 224 1864 ramo
240 1803 403 1878 Augustae,
426 1798 527 1859 inueni
542 1798 725 1860 altitudinem
747 1818 840 1877 aquae
857 1802 966 1880 pedum
984 1799 1128 1878 quinque,
1151 1796 1249 1859 latitu-

103 1910 239 1970 udinem
254 1906 338 1988 pedis
355 1904 442 1966 unius
460 1904 628 1966 dodrantis:
645 1906 719 1966 bunt
736 1923 820 1967 areae
835 1907 927 1985 pedes
942 1915 1009 1968 octo
1019 1907 1164 1968 dodrans:
1181 1920 1250 1965 cen<

143 2014 273 2076 tenaciae
295 2012 401 2089 uiginti
422 2012 498 2073 duae
525 2019 554 2073 et
577 2010 823 2088 quadragenaria,
850 2030 925 2090 quae
947 2013 1077 2074 efficiunt
1100 2007 1249 2086 quinarias

127 2107 222 2181 ¹mille
237 2119 421 2196 octingentas
446 2116 549 2194 uiginti
567 2116 711 2194 quinque:
731 2117 857 2196 amptius
872 2138 960 2196 quam
977 2114 1179 2181 commentarii
1197 2114 1250 2174 ha·

142 2225 226 2297 bent,
246 2222 388 2302 quinariis
404 2223 566 2301 ‘nongentis
590 2222 737 2299 octoginta
757 2230 904 2300 quattuor.
948 2225 1087 2303 erogabat
1100 2219 1249 2300 quinarias

143 2331 344 2412 septingentas
360 2335 516 2407 quattuor:
539 2327 650 2398 minus,
670 2346 758 2406 quam
779 2328 808 2388 in
826 2330 1042 2391 commentariis
1060 2325 1248 2395 adscribitur,

104 2436 283 2516 coquinariis
304 2441 423 2496 centurn
443 2433 560 2512 triginta
578 2440 707 2512 septem:
730 2442 758 2494 et
776 2434 872 2495 adbuc
893 2435 1007 2504 minus,
1030 2453 1118 2513 quam
1140 2433 1175 2494 ad
1193 2431 1250 2492 Ge·

140 2542 245 2604 melios
265 2559 405 2602 mensura
431 2539 607 2619 respondet,
635 2539 777 2617 quinariis
803 2540 882 2600 mitte
912 2549 1030 2602 centum
1053 2540 1157 2618 uiginti
1180 2557 1248 2598 una.

140 2648 289 2710 intercidit
309 2655 408 2708 tamen
424 2645 605 2722 aliquantum
620 2665 636 2706 e
651 2646 758 2706 ductus
776 2645 862 2717 uitio,
886 2647 936 2724 qui
958 2666 1047 2725 quom
1070 2646 1108 2706 sit
1128 2645 1251 2724 depres-

142 2755 218 2826 sior,
241 2773 300 2843 nou
330 2753 414 2814 tacite
442 2751 627 2813 manationes
655 2752 799 2823 ostendit,
822 2771 896 2830 quas
923 2771 991 2813 esse
1012 2770 1048 2812 ex
1069 2769 1104 2812 eo
1129 2750 1251 2828 adparet

141 2859 219 2937 quod
239 2858 269 2918 in
292 2857 441 2938 plerisque
461 2857 543 2919 urbis
570 2855 702 2936 partibus
728 2858 849 2936 probata
877 2877 951 2937 aqua
977 2858 1169 2923 obseruator,
1197 2855 1249 2932 [id]

103 2984 128 3024 25
141 2982 216 3044 quae
240 2983 275 3024 ex
292 2981 326 3025 ea
345 2973 453 3025 manat.
499 2971 545 3023 set
565 2971 592 3023 ct
610 2965 751 3042 quasdam
767 2965 880 3026 fistulas
902 2965 977 3025 intra
1001 2963 1104 3024 urbem
1124 2960 1250 3022 inlicitas

140 3071 399 3152 deprehendimus.
448 3077 528 3129 extra
557 3072 660 3132 urbem
686 3080 784 3133 autern
808 3077 930 3152 propter
950 3087 1120 3149 pressuram
1148 3065 1249 3133 librae,

81 3219 85 3225 -
141 3196 230 3256 quom
245 3176 284 3237 sit
300 3174 374 3236 iutra
393 3182 502 3236 terram
520 3178 556 3237 ad
573 3187 659 3258 caput
681 3179 806 3259 pedibus
822 3175 1046 3254 quinquaginta,
1072 3171 1182 3233 nuttam
1202 3187 1250 3230 ac-

140 3284 211 3365 cipit
230 3283 377 3345 iniuriam.

210 3420 558 3488 2iuom.016qua0i
585 3419 674 3488 ut]ar'1
696 3423 716 3472 0
738 3419 742 3487 Ι
771 3423 927 3487 'lquinariis
945 3423 977 3485 0,
1001 3437 1045 3470 aar.
1064 3418 1251 3481 Dedericbiusl

142 3516 159 3566 8
177 3515 343 3565 conentroriis
360 3514 381 3563 0
401 3513 404 3576 Ι
425 3513 515 3576 9post
531 3512 646 3578 singulas
663 3514 804 3564 addendum
828 3512 927 3575 aquas!
955 3512 984 3562 lt
1004 3514 1188 3578 octogintarum
1208 3511 1228 3560 C
1246 3510 1250 3573 Ι

141 3605 242 3656 XXXX
254 3605 315 3656 add.
330 3606 439 3655 Poteras
458 3602 463 3669 Ι
483 3620 563 3668 aquae
576 3606 669 3666 scripsi
681 3621 728 3669 que
740 3605 761 3654 0
774 3601 778 3668 Ι
796 3605 827 3656 13
845 3604 911 3654 intra
923 3606 1017 3665 scripsi
1031 3600 1127 3651 intraG
1141 3598 1144 3663 Ι
1167 3601 1251 3664 Μρε·

141 3699 187 3748 des
205 3698 233 3758 0,
250 3713 294 3746 em.
308 3695 449 3747 Schultzius
469 3694 474 3760 Ι
497 3697 529 3747 17
547 3697 718 3746 commentarii
740 3696 832 3746 babent
848 3711 924 3761 prop.
941 3692 1105 3745 Dedericbius
1123 3706 1251 3741 commen·
1309 3745 1311 3749 .

141 3789 212 3838 tariis
230 3789 305 3838 abent
320 3789 341 3838 0
355 3789 380 3836 in
398 3787 583 3837 commentariis
601 3786 675 3836 babet
689 3786 829 3837 Seustatio
851 3789 855 3852 Ι
885 3787 917 3838 18
935 3786 1070 3851 nongentis
1088 3784 1109 3833 0
1128 3782 1132 3844 Ι
1153 3784 1186 3832 22
1206 3797 1252 3846 pcr

142 3895 218 3943 quom
238 3880 270 3928 sit
289 3878 456 3944 deprcssi00
476 3876 480 3943 Ι
500 3878 533 3928 23
552 3894 608 3928 esse
621 3878 730 3928 Polenus
749 3879 772 3926 ei
791 3895 819 3929 se
838 3880 858 3930 Ο
875 3880 897 3927 oi
917 3879 1000 3928 inesse
1018 3875 1059 3926 ed.
1078 3873 1226 3923 Florentino
1246 3871 1251 3934 Ι

142 3969 285 4034 abparetO
308 3967 312 4033 Ι
339 3968 372 4016 24
389 3967 486 4032 prolato
503 3971 613 4019 Pub-uus
639 3967 643 4035 Ι
670 3971 695 4019 id
712 3972 803 4020 seclusi
824 3970 900 4032 idque
918 3969 940 4018 G
955 3969 1075 4017 Kellerm.
1099 3966 1125 4015 id
1147 3964 1214 4027 quod
1234 3963 1254 4013 0

141 4059 198 4107 Pol.
211 4058 236 4106 id
249 4065 288 4106 est
300 4072 364 4120 quoe
376 4057 540 4109 Dedericbiuc
554 4058 559 4124 Ι
575 4061 609 4111 ’26
625 4059 820 4126 de'preendimus
837 4061 858 4111 C
877 4059 882 4125 Ι
902 4061 934 4110 ‘27
947 4073 1022 4123 quom
1033 4058 1127 4120 scripsi
1143 4061 1218 4119 quam
1233 4055 1254 4105 O

142 4163 217 4212 quom
227 4149 281 4198 uidi
290 4147 455 4200 Dederr'cdius
465 4162 529 4211 quae
541 4147 568 4198 uc
581 4149 705 4201 locandus
721 4150 725 4218 Ι
741 4152 790 4201 ins.
807 4158 899 4200 terram
912 4160 1004 4200 terrum
1018 4149 1045 4212 0,
1057 4163 1100 4196 em.
1111 4147 1219 4196 Polenus
1234 4145 1238 4209 Ι

142 4240 239 4308 accepit
257 4239 278 4290 G
