2798 4896
431 269 474 310 nn
495 267 591 318 anius
613 267 708 309 varus
727 264 838 306 nonan
860 263 955 304 arana
973 262 999 303 11
1227 241 1268 302 47

159 424 257 502 itaque
274 421 338 482 eius
349 439 403 500 per
416 418 530 497 singula
547 418 708 478 secundum
725 414 820 493 legem
836 420 934 474 notam
952 410 1089 472 omnibus
1102 417 1147 471 set
1164 429 1180 470 a
1197 431 1270 490 pau·

161 530 203 591 cis
220 529 405 590 obseruatam
426 525 568 603 exigenda
586 531 641 584 est.
680 522 743 582 illut
760 518 833 581 nulli
854 517 975 580 dubium
998 533 1065 578 esso
1085 516 1267 586 crediderim,
1281 528 1329 577 124

160 635 309 715 proximos
336 631 510 701 ductus,'id
538 638 584 690 est
613 628 663 708 qui
687 629 844 702 aseptr'mo
864 621 987 683 miliario
1009 621 1106 702 lapide
1127 623 1268 699 quadrato

161 740 342 807 consistunt,
368 737 492 797 maxime
512 733 735 803 custodiendos,
759 729 897 809 quoniam
919 736 949 788 et
977 726 1149 806 amplissimi
1172 729 1270 808 operis

135 851 231 904 nsunt
245 851 274 903 et
289 843 390 922 plures
405 861 496 921 aquas
515 840 622 920 singuli
644 839 800 901 sustinent.
846 852 920 912 quos
941 834 966 895 si
985 852 1109 897 necesse
1125 836 1214 898 fuerit
1226 836 1272 896 in·
1336 834 1341 845 “

160 959 358 1027 terrumpere,
377 949 517 1009 maiorem
539 954 652 1026 partem
667 961 809 1024 aquarum
830 941 912 1003 urbis
929 941 1098 1003 destituent.
1142 943 1271 1004 remedia

162 1061 258 1114 tamen
282 1062 395 1114 suntet
416 1054 504 1115 huius
526 1050 721 1113 difficultatis:
744 1068 819 1128 opus
833 1048 1002 1109 inchoatum
1025 1051 1216 1111 excitaturad
1238 1049 1274 1111 li·

132 1192 136 1198 *
161 1160 246 1219 bram
267 1158 440 1233 deficientis,
461 1157 564 1219 alueus
572 1175 651 1237 [uero
666 1153 825 1236 plumbatis
840 1153 991 1215 canalibus
1005 1173 1059 1234 per
1080 1155 1209 1236 spatium
1228 1155 1274 1215 in-

162 1266 286 1346 terrupti
309 1266 414 1325 ductus
436 1283 539 1325 rursus
567 1262 763 1323 continuatur.
808 1278 896 1339 porro
918 1260 1056 1338 quoniam
1082 1261 1144 1321 fere
1169 1279 1272 1322 omnes

125 1393 150 1433 ro
164 1389 271 1450 specus
293 1388 346 1450 per
368 1369 548 1448 priuatorum
568 1386 655 1447 agros
681 1365 789 1426 derecti
818 1375 902 1426 erant
925 1376 955 1427 et
974 1367 1099 1428 difficilis
1121 1367 1274 1428 uidebatur

163 1479 278 1538 futurae
307 1477 457 1556 impensae
486 1473 684 1556 praeparatio,
711 1471 769 1532 nisi
792 1480 821 1531 et
847 1472 943 1552 aliqua
966 1474 1038 1535 iuris
1065 1473 1274 1544 constitutione
1356 1542 1360 1552 Ι

164 1590 402 1660 succurreretur,
426 1581 513 1642 simul
531 1598 569 1640 nc
589 1597 712 1639 accessu
734 1578 770 1639 ad
785 1578 959 1639 reficiendos
974 1579 1055 1640 riuos
1073 1580 1274 1659 redemptores

165 1707 180 1748 a
206 1687 429 1766 possessoribus
457 1684 697 1766 prohiberentur,
727 1684 757 1744 S.
782 1683 814 1744 (l.
841 1686 950 1745 factum
979 1692 1026 1745 ost
1049 1684 1128 1761 quod
1150 1684 1272 1746 subieci.

164 1794 270 1865 ‘Quod
298 1794 332 1865 Q.
350 1793 448 1855 Aelius
475 1791 592 1852 'l'ubero
624 1790 732 1851 Paulus
754 1790 861 1852 Fabius
883 1790 1025 1851 Maximus
1048 1809 1108 1851 cos.
1131 1791 1163 1851 V.
1186 1791 1218 1850 F.
1237 1790 1274 1851 de
1285 1799 1334 1849 125

127 1923 150 1962 ra
163 1901 251 1974 riuis,
271 1900 424 1979 specibus,
448 1896 609 1958 fornicibus
631 1914 724 1973 aquae
742 1895 845 1967 lullae,
868 1896 1008 1967 Marciae,
1035 1897 1154 1976 Appiae,
1175 1897 1274 1977 Tepu-

165 2005 224 2075 lae,
246 2006 366 2067 Anienis
384 2004 560 2078 reficiendis,
584 2002 618 2073 Q.
643 2001 676 2060 D.
692 2001 726 2061 Ε.
750 2001 784 2061 R.
803 2002 834 2063 F.
851 2003 882 2062 P.
904 2003 937 2063 ll.
961 2002 995 2063 E.
1008 2004 1042 2063 R.
1062 2006 1083 2066 l.
1100 2004 1132 2065 C.
1148 2004 1189 2064 uti
1207 2023 1275 2065 cum

120 2118 123 2125 '
165 2112 184 2171 ii
206 2112 277 2180 riui,
305 2128 427 2186 specus,
456 2110 599 2182 fornices,
629 2126 707 2184 quos
729 2109 879 2186 Augustus
907 2108 1015 2169 Caesar
1044 2127 1076 2170 se
1097 2111 1274 2172 refecturum

166 2218 300 2296 impensa
324 2235 376 2277 sua
399 2215 546 2296 pollicitus
570 2213 683 2276 senatui
708 2221 771 2287 est,
794 2216 1000 2287 reficerentur,
1025 2217 1158 2294 creagris
1180 2217 1277 2296 priua-

168 2333 264 2385 torum
282 2332 375 2393 terra,
399 2321 499 2390 limus,
521 2320 648 2399 lapides,
669 2327 759 2393 testa,
784 2321 910 2397 harena,
938 2319 1015 2397 ligna
1031 2328 1191 2400 ceteraque
1214 2324 1278 2403 qui·

128 2449 154 2489 ao
167 2430 224 2492 bns
239 2432 274 2492 arl
302 2448 365 2490 eam
388 2446 449 2488 rem
469 2446 545 2505 opus
567 2434 660 2499 esset,
682 2427 760 2486 unde
782 2416 915 2503 quaeque
935 2444 1037 2486 eornm
1060 2429 1192 2507 proxime
1214 2430 1278 2491 sine

169 2535 275 2598 iniuria
293 2535 476 2615 priuatorum
489 2532 565 2605 tolli,
589 2533 682 2599 sirmi,
705 2532 816 2612 portari
827 2531 958 2611 possint,
983 2531 1037 2592 uiri
1055 2535 1125 2594 boni
1137 2535 1278 2598 arbitratu

167 2642 318 2702 aestimata
329 2639 486 2710 darentur,
508 2636 696 2713 tollerentur,
718 2643 919 2710 sumerentur,
936 2645 1177 2719 exportarentur,
1198 2647 1279 2706 etad

168 2765 217 2807 eas
238 2764 286 2806 res
307 2763 409 2805 omnes
431 2742 625 2821 exportandas
643 2761 800 2820 earumque
822 2760 919 2803 rerum
935 2742 1158 2808 reficiendarum
1172 2769 1271 2830 causa,

167 2851 302 2929 quotiens
325 2869 400 2929 opus
430 2857 525 2922 esset,
552 2868 605 2928 per
629 2867 716 2927 agros
744 2849 925 2928 priuatorum
954 2847 1019 2909 sine
1040 2850 1145 2914 iniuria
1172 2875 1275 2920 eorum

129 2976 154 3014 aa
168 2957 288 3031 itinera,
312 2963 395 3017 actus
410 2963 558 3035 paterent,
578 2955 746 3016 (farentur)
786 2956 961 3033 Plerumque
982 2963 1079 3017 antem
1093 2959 1162 3021 uitia
1177 2963 1277 3025 oriun-
1289 2970 1339 3022 126

168 3071 216 3124 tur
242 3080 278 3122 ex
292 3061 453 3141 inpotentia
475 3079 701 3141 possessorum,
726 3063 774 3141 qui
796 3061 929 3143 pluribus
951 3063 1031 3124 riuos
1054 3065 1174 3129 uiolant.
1219 3072 1279 3151 pri-

168 3188 248 3230 murm
270 3168 348 3228 enirn
365 3168 478 3248 spatia,
509 3186 583 3246 qnae
606 3169 684 3230 circa
703 3170 809 3230 ductus
831 3188 970 3248 aquarum
992 3188 1026 3229 eu
1051 3171 1081 3231 S.
1113 3172 1144 3233 C.
1175 3195 1281 3238 uacare

238 3323 254 3374 3
271 3325 378 3389 septimo
398 3327 508 3376 Poferrus
532 3335 604 3376 sexto
621 3327 642 3377 0
661 3326 664 3390 Ι
685 3328 701 3376 5
721 3327 831 3392 singulis
850 3327 958 3377 sustinet
978 3327 999 3377 G
1017 3327 1022 3391 Ι
1044 3326 1282 3384 bdestituentOor·

169 3415 276 3463 rudinus
293 3415 325 3463 de
342 3414 408 3464 Alfio
427 3417 547 3467 destituet
562 3418 583 3467 G
598 3418 679 3467 maior
695 3433 755 3482 pars
772 3433 893 3481 aquarum
913 3419 999 3470 urbem
1020 3419 1140 3470 destituet
1152 3423 1193 3471 ed.
1210 3427 1282 3488 prin·

169 3521 230 3570 ceps
254 3504 258 3567 Ι
283 3505 298 3553 7
320 3503 477 3554 difficultatis
495 3505 656 3556 Heinricbr'ur
678 3522 743 3573 opus
761 3510 871 3559 Poleour
890 3508 1113 3560 difficultatibusc
1131 3511 1136 3575 Ι
1161 3512 1281 3565 8alneus

171 3597 280 3646 Poleour
301 3596 414 3646 alueaG
440 3594 445 3658 Ι
476 3596 503 3645 11
529 3597 730 3661 praeparationis
754 3597 786 3660 0,
815 3615 859 3649 ear.
880 3607 939 3661 post
961 3597 1115 3662 Opcopoeum
1139 3604 1182 3666 qur·
1197 3618 1237 3668 pr.
1257 3606 1282 3654 ni

170 3689 276 3736 adnotat
289 3685 432 3736 Sebnltzius
453 3688 457 3750 Ι
481 3687 566 3750 aliqua
585 3687 647 3736 ioris
666 3685 806 3738 Schultzius
819 3689 964 3739 alicuiusC
986 3687 991 3754 Ι
1016 3690 1047 3740 12
1063 3700 1223 3742 succurretur
1238 3694 1280 3757 01

173 3777 204 3826 14
222 3774 265 3841 0.]
290 3777 374 3839 qch
391 3777 397 3840 Ι
416 3778 541 3828 consult.¹
566 3777 570 3840 Ι
600 3776 631 3828 15
650 3775 786 3828 fornicibus
809 3793 890 3843 aquae
913 3781 1009 3842 scripsi·
1034 3779 1173 3831 fornicibus
1197 3783 1285 3845 queO

171 3867 361 3931 forpicibusque
372 3871 446 3934 culpo
460 3867 465 3934 Ι
484 3869 551 3918 iulec
568 3876 595 3919 ut
612 3870 711 3919 uidetur
730 3870 751 3919 0
764 3868 768 3936 Ι
790 3870 821 3920 lli
835 3872 942 3934 noyenis
955 3872 976 3922 G
989 3873 993 3934 Ι
1013 3872 1040 3921 Ρ.
1053 3869 1094 3937 [a]
1116 3871 1213 3922 DexB
1226 3888 1283 3924 cor·

170 3961 283 4009 reatuin
303 3960 323 4009 0
340 3961 345 4024 Ι
368 3961 400 4012 17
422 3975 513 4025 specus
536 3960 597 4009 add.
623 3957 762 4009 Schultzius
782 3956 786 4022 Ι
814 3959 845 4010 18
864 3961 996 4026 impensam
1013 3962 1134 4012 sollicitus
1151 3963 1172 4013 0
1192 3963 1197 4028 Ι
1218 3965 1284 4015 iuter

171 4051 334 4100 reficerentur
359 4059 384 4101 et
400 4066 432 4099 ex
448 4051 531 4101 decem
553 4051 612 4114 sere
633 4053 775 4100 litterarum
796 4053 901 4114 matium
923 4051 988 4100 sno
1011 4051 1016 4115 Ι
1045 4053 1077 4103 19
1094 4053 1157 4103 limri
1180 4055 1212 4118 O,
1236 4072 1281 4112 era.

171 4141 335 4191 Dedericlriur
350 4141 354 4202 Ι
370 4141 467 4207 lapides
474 4143 569 4207 scripsi
577 4142 661 4207 lapide
672 4143 693 4193 0
706 4141 710 4205 Ι
726 4143 854 4206 finiente,
863 4158 907 4192 era.
916 4142 1079 4192 Dedericbr'ue
1094 4140 1098 4208 Ι
1113 4142 1281 4194 ἳῑὴοηίαᾱά.

172 4229 436 4296 Iocondmlarbitratu
444 4261 526 4283 0000000
533 4233 648 4282 estimato
654 4233 858 4285 medioeraotrc
870 4234 874 4298 Ι
890 4233 1138 4300 26pluribusmodis
1149 4236 1205 4285 cod.
1217 4236 1281 4286 Vrb.
