2798 4896
130 260 170 325 38
557 279 638 320 rvnn
660 254 826 321 rnournu‘

131 428 285 492 Messalam
301 428 479 500 Coruinum,
502 428 548 490 cui
566 428 714 490 adiutores
730 428 789 490 dati
806 427 975 490 Postumius
990 425 1140 506 Sulpicius
1156 444 1247 505 prae-

130 533 226 597 torius
246 543 276 594 et
291 533 402 596 Lucius
419 533 570 594 Cominius
586 535 735 614 podardus.
780 534 904 612 insignia
928 533 972 592 eis
989 533 1073 609 quasi
1090 531 1246 610 magistra-

133 639 214 700 tibus
237 657 394 709 concessa,
420 639 514 715 deque
538 657 638 701 eorum
662 640 759 701 officio
786 646 907 700 senatus
930 638 1100 699 consultum
1121 640 1244 711 tactum,

78 745 213 822 [eoquod
231 743 306 804 iolra
322 743 465 823 scriptum
485 752 540 804 est.
565 743 611 826 [S.
630 744 677 827 0.]
712 746 812 817 ‘Quod
831 745 866 815 Q.
884 743 982 805 delius
1000 742 1117 806 Tubero
1133 744 1245 808 Paulus

134 850 243 912 Fabius
258 849 399 910 Maximus
422 869 484 910 cos.
500 850 531 914 V.
549 851 582 910 F.
599 853 634 912 de
654 852 689 912 iis
711 852 760 929 qui
783 857 935 912 curatores
954 867 1096 927 aquarum
1110 851 1275 930 publica-s

134 976 199 1020 rum
223 974 257 1016 ex
280 972 428 1016 consensu
450 962 571 1016 senatus
587 975 603 1016 a
628 957 755 1018 Caesare
772 957 904 1032 Augusto
920 953 1062 1016 nominati
1078 963 1181 1017 essent
1196 974 1248 1019 or-

133 1059 278 1133 dinandis,
301 1058 335 1120 [l.
353 1059 388 1118 Ε.
405 1060 440 1120 R.
456 1060 491 1130 Q.
507 1060 539 1121 F.
557 1060 589 1120 Ρ.
605 1061 639 1120 b.
656 1061 691 1120 E.
707 1062 740 1121 R.
757 1061 778 1122 l.
796 1063 828 1123 C.
850 1059 968 1139 placere
984 1059 1053 1120 huic
1072 1061 1177 1132 ordini,
1193 1081 1247 1124 eos

134 1168 184 1247 qui
202 1166 286 1245 aquis
307 1164 435 1245 publicis
446 1174 628 1245 praeessent,
646 1185 713 1228 cum
726 1166 791 1228 eius
809 1165 852 1226 rei
873 1184 962 1227 causa
978 1173 1057 1226 extra
1073 1166 1176 1228 urbem
1198 1186 1248 1228 es-

134 1279 214 1344 sent,
231 1271 350 1333 lictores
361 1270 448 1333 binos
463 1279 492 1332 et
513 1290 616 1333 seruos
632 1271 766 1353 publicos
779 1280 895 1343 ternos,
918 1271 1095 1332 architectos
1111 1271 1248 1350 singulos

134 1386 164 1439 et
178 1377 291 1439 scribas
314 1374 371 1458 [et]
397 1377 547 1448 librarios,
574 1394 717 1438 accensos
739 1397 962 1457 praeconesque
982 1377 1104 1440 totidem
1123 1379 1244 1450 babere,
1263 1409 1289 1449 10

134 1491 206 1564 quot
220 1484 331 1545 babent
351 1483 371 1544 ii
386 1501 439 1563 per
460 1501 535 1559 quos
556 1484 736 1544 frumentum
759 1483 854 1562 plebei
876 1485 971 1546 datur.
1008 1492 1194 1547 comantem
1215 1485 1247 1546 in

137 1590 209 1652 urbe
229 1590 362 1651 eiusdem
382 1588 425 1648 rei
441 1606 530 1651 causa
551 1588 658 1666 aliquid
682 1596 819 1666 agerent,
845 1591 952 1652 ceteris
969 1589 1183 1670 apparitoribus
1207 1591 1248 1652 is-

136 1697 202 1758 dem
224 1701 429 1774 praeterquam
452 1693 607 1755 lictoribus
629 1695 681 1754 uti.
717 1693 817 1773 utique
838 1695 947 1773 quibus
970 1693 1187 1775 apparitoribus
1211 1715 1248 1757 ex

135 1802 192 1862 boc
208 1805 328 1862 senatus
344 1799 479 1860 consulto
500 1800 686 1861 curatoribus
707 1819 850 1879 aquarum
872 1801 913 1862 uti
933 1800 1056 1873 liceret,
1073 1781 1126 1863 eos
1140 1800 1249 1862 diebus

134 1907 238 1968 decem
251 1904 401 1984 proximis,
420 1905 527 1983 quibus
547 1913 668 1968 senatus
687 1906 854 1968 consultum
872 1905 981 1967 lactum
999 1915 1089 1979 esset,
1109 1908 1146 1969 ad
1164 1927 1289 1976 aera-15

136 2012 212 2074 rium
240 2011 406 2086 deterrent3
435 2011 544 2088 quique
574 2010 610 2072 ita
641 2011 728 2073 delati
756 2019 871 2081 essent,
903 2012 940 2073 iis
968 2014 1114 2092 praetoris
1141 2013 1248 2075 aerarii

135 2117 303 2180 mercedem
325 2115 449 2187 cibaria,
478 2126 585 2194 quauta
607 2116 750 2197 praelecti
772 2116 919 2179 lrumento
941 2118 1038 2179 dando
1060 2119 1129 2180 dare
1150 2120 1248 2181 deler-

135 2241 227 2300 reque
250 2220 360 2290 solent,
384 2241 480 2283 annua
505 2224 610 2284 darent
631 2230 661 2282 et
683 2220 903 2297 adtribuerent;
924 2222 1009 2301 isque
1032 2243 1082 2285 eas
1104 2224 1247 2304 pecunias

135 2329 199 2390 sine
221 2328 323 2389 fraude
342 2346 393 2389 sua
417 2347 524 2408 capere
545 2329 657 2390 liceret.
685 2327 786 2403 utique
808 2327 932 2400 tabulae,
951 2329 1069 2390 chartas
1089 2338 1247 2407 ceteraque

135 2455 210 2514 quae
238 2435 301 2496 eius
329 2435 489 2496 curationis
520 2453 611 2497 causa
641 2452 716 2513 opus
742 2441 843 2494 essent
870 2431 905 2493 iis
934 2435 1121 2496 curatoribus
1150 2425 1288 2514 [prae-²0

99 2545 101 2550 ’
135 2537 246 2622 benda]
270 2540 304 2611 Q.
326 2538 425 2600 Aelius
446 2539 555 2601 Paulus
578 2540 686 2601 Fabius
713 2557 773 2601 cos.
796 2538 882 2599 ambo
915 2539 1041 2610 alterne,
1070 2539 1095 2599 si
1114 2539 1140 2600 is
1164 2539 1248 2601 uide-

134 2647 229 2720 bitur,
252 2646 389 2709 adhibitis
411 2646 598 2726 praetoribus
620 2644 670 2722 qui
694 2645 807 2708 aerario
827 2645 973 2724 praesint,
998 2642 1057 2727 [et]
1079 2646 1246 2726 praebenda

44 2785 45 2789 =
79 2762 126 2815 101
136 2753 244 2817 locent.
287 2753 417 2830 itemque
447 2770 514 2812 curn
537 2752 651 2812 uiarum
678 2750 912 2828 curatores[que]
939 2751 1136 2828 frumentique
1162 2759 1246 2830 parte

136 2867 239 2937 quarta
260 2858 329 2919 anni
352 2856 469 2937 publico
492 2833 653 2934 lunganlur
674 2854 853 2928 ministerio,
878 2863 910 2917 ut
929 2863 1082 2919 curatores
1104 2875 1247 2934 aquarum
1274 2918 1277 2923 .

205 3052 399 3116 bannimusO
421 3062 425 3126 1
450 3076 513 3124 quas
533 3062 554 3111 0
575 3059 619 3126 13
635 3063 717 3125 dequo
734 3061 776 3129 01
797 3056 951 3116 consultet)
970 3065 973 3128 1
993 3065 1048 3116 48.
1065 3065 1092 3115 0.
1108 3074 1248 3130 suspectum

137 3157 230 3205 Poleno
253 3171 279 3218 p.
299 3153 363 3213 189,
387 3153 401 3202 7
425 3152 476 3203 del.
499 3152 663 3205 Dedericbiua
688 3152 692 3221 1
724 3153 766 3220 Q.]
792 3170 841 3218 que
864 3151 906 3219 01
930 3156 1015 3222 pullus
1035 3158 1062 3219 0,
1080 3173 1124 3206 em.
1143 3157 1248 3222 Pipleida

136 3263 195 3300 aaa.
215 3245 265 3294 III
280 3261 308 3308 p.
330 3243 381 3295 523
406 3241 410 3310 1
436 3245 554 3295 lconsul
573 3243 615 3312 01
637 3247 652 3296 7
673 3243 704 3311 Q]
728 3247 788 3314 qt)
810 3242 814 3310 1
839 3245 860 3311 Ι]
887 3247 915 3295 Ε.
937 3248 969 3306 0,
992 3263 1034 3296 em.
1059 3246 1185 3296 Iucundos
1206 3245 1248 3310 18

135 3338 208 3386 cuius
227 3333 264 3402 01
285 3336 474 3400 borehyteetos
493 3336 515 3386 0
533 3333 537 3402 1
561 3335 592 3388 10
606 3343 630 3386 et
647 3337 728 3387 deleri
747 3338 820 3387 iussit
838 3337 1004 3389 Mommsenio
1018 3351 1078 3389 mue.
1092 3337 1170 3387 libere.
1189 3353 1246 3390 nou.

140 3426 184 3477 VI
192 3442 219 3489 p.
239 3425 322 3488 5111
342 3427 409 3489 quod
428 3423 515 3489 0112
534 3436 622 3492 ageret
639 3425 676 3494 01
699 3430 763 3479 cetis
780 3445 828 3491 pro
846 3429 908 3479 cetis
926 3426 964 3493 01
987 3427 1019 3478 13
1037 3427 1073 3475 uti
1091 3426 1152 3476 add.
1171 3427 1248 3477 Brio-

133 3517 218 3567 eooiue
246 3512 250 3581 1
280 3516 310 3566 15
328 3516 599 3567 dece....oximis0
626 3514 630 3584 1
662 3518 815 3570 consultoO
843 3515 847 3584 1
883 3516 914 3568 16
933 3516 1057 3567 deferenti
1078 3514 1112 3576 0,
1136 3531 1181 3565 em.
1202 3517 1248 3566 Pi-

134 3607 219 3658 tltoeus
243 3605 247 3673 1
271 3607 342 3657 dilati
360 3608 381 3658 0
403 3605 407 3674 1
435 3607 466 3657 17
485 3608 626 3657 mercedem
646 3610 808 3660 Caecubonos
823 3610 859 3659 od
872 3607 986 3658 Suetonii
1001 3605 1089 3660 Octau.
1110 3607 1144 3658 36
1163 3616 1188 3658 et
1205 3609 1245 3660 ed.

134 3699 294 3748 Pacideiano
318 3697 434 3748 mercede
451 3699 473 3750 0
488 3698 617 3748 mercedes
634 3699 784 3750 Brisconius
802 3702 833 3750 de
848 3700 964 3763 formulis
981 3698 1014 3746 ΙΙ
1028 3699 1059 3748 81
1088 3695 1092 3764 1
1125 3699 1263 3750 {blacere'

134 3790 170 3854 0,
190 3805 235 3840 em.
257 3789 376 3839 Piraeeus
400 3786 403 3854 1
427 3789 461 3841 20
480 3790 623 3856 praebenda
644 3793 737 3841 seclusi
751 3799 889 3853 praeeunte
907 3790 1055 3841 Oasauboao
1079 3794 1123 3857 qui
1143 3794 1248 3842 alterum

134 3882 279 3949 praebenda
301 3882 395 3932 deleuit
419 3896 483 3947 opus
508 3884 809 3948 esset-praeberi—ea
827 3884 971 3949 praebenda
989 3883 1148 3932 Briosoniue.
1173 3899 1247 3948 prae-

136 3975 187 4024 beri
206 3989 276 4036 eo-
289 3972 433 4038 praebenda
450 3973 615 4024 Dedericdics
635 3970 639 4034 Ι
663 3976 694 4024 21
714 3973 742 4032 Q.
760 3973 856 4036 Aelius]
876 3989 924 4037 que
941 3973 994 4024 eius
1005 3972 1042 4039 01
1059 3973 1246 4024 consulamus

135 4093 248 4114 .......
248 4054 251 4059 ’
262 4079 307 4112 rue
326 4065 348 4114 0
370 4062 374 4129 1
399 4064 525 4113 uidebitur
547 4093 695 4115 mu...-
714 4067 771 4116 bitis
799 4073 900 4130 praetor
917 4065 1079 4126 .......qoi
1108 4066 1129 4115 0
1149 4062 1153 4131 1
1177 4066 1210 4115 22
1223 4071 1247 4113 et

135 4152 185 4203 del.
217 4153 378 4204 Cordubenses
402 4150 405 4219 1
432 4153 466 4205 23
484 4169 532 4217 que
549 4156 599 4209 det.
615 4156 725 4206 Pozenos
743 4156 839 4204 uiarum
864 4154 1032 4216 irrumpitque
1054 4163 1183 4205 curatores
1206 4154 1247 4205 Io-

135 4258 230 4292 cuaeus·
253 4239 257 4307 1
277 4245 311 4293 24
329 4244 502 4310 iungebantur
521 4245 553 4301 0,
572 4260 615 4294 em.
636 4244 800 4294 Dedericdius
815 4240 819 4310 1
835 4245 868 4294 ud
888 4244 925 4311 01
941 4259 1048 4309 quarum
1064 4245 1090 4297 οι
