2834 4890
414 265 457 306 nn
477 263 573 313 aovrs
594 264 687 306 roms
710 264 820 306 nonna
843 265 938 306 crana
962 265 987 306 11
1212 244 1252 307 27

141 422 209 477 tuor
236 415 314 476 milia
338 421 493 476 sexcentas
523 422 653 493 septem:
685 414 826 493 amplius,
851 433 939 492 quarn
968 416 1001 474 ia
1026 414 1252 484 commentariis,

141 520 219 582 mille
234 521 429 599 septingentis
444 517 654 598 quinquaginta
669 519 794 581 duabus.
826 519 898 580 adeo
914 525 1013 581 autem
1029 526 1129 580 nostra
1147 520 1254 581 certior

140 634 186 686 est
205 645 358 698 mensura,
382 634 415 686 ut
440 625 476 686 ad
497 625 656 704 septimum
675 624 712 685 ab
729 625 802 686 urbe
825 625 979 687 miliarium
998 625 1030 684 in
1052 625 1182 703 piscina,
1203 627 1253 688 ubi

138 732 321 794 indubitatae
336 750 493 793 mensurae
510 737 586 796 sunl
600 730 788 791 inucniamus
803 730 953 808 quinarias
970 732 1025 792 tria
1042 731 1121 792 milia
1136 738 1254 793 trecen-

112 850 125 888 ⁵
139 845 185 898 tas
200 838 302 898 decem
318 836 407 898 duas:
429 836 506 916 plus,
522 854 611 914 quarn
628 835 658 896 in
675 836 910 905 commentariis,
926 837 1152 914 quadringentis
1168 840 1254 916 quin-

136 941 277 1020 quaginta
299 948 429 1021 septem‚
456 940 591 1020 quamuis
613 947 642 999 et
663 959 698 1000 ex
716 938 869 1002 beneficiis
893 949 960 1003 ante
986 941 1130 1020 piscinam
1152 953 1254 1023 eroget

138 1054 168 1108 et
183 1046 343 1127 plurimum
362 1047 496 1108 subtrahi
511 1045 792 1125 deprehenderimus
814 1046 939 1123 ideoque
958 1048 1058 1109 minus
1076 1051 1252 1123 inueniatur,
1317 1061 1320 1066 ’

138 1172 227 1232 quarn
244 1169 277 1211 re
294 1169 364 1211 uera
381 1169 448 1211 esse
464 1150 578 1220 debeat,
593 1150 736 1227 quinariis
753 1152 831 1212 mille
843 1151 979 1213 ducentis
996 1156 1153 1233 nonaginta
1168 1157 1254 1234 quiu-

138 1275 227 1336 que·
250 1261 279 1313 et
299 1254 377 1317 circa
395 1256 594 1333 erogationem
618 1264 716 1317 autem
738 1258 818 1319 lraus
840 1257 977 1337 adparet,
1004 1278 1080 1337 quae
1102 1263 1252 1340 nequead

102 1373 125 1413 1⁰
140 1362 417 1424 commentariorum
433 1361 520 1423 fidem
537 1380 634 1440 neque
651 1359 688 1419 ad
709 1378 759 1419 eas
777 1380 851 1440 quas
870 1363 906 1424 ad
931 1374 1020 1445 caput
1041 1365 1155 1444 egimus
1170 1387 1252 1429 men-

140 1488 239 1539 suras,
265 1486 361 1545 neque
378 1467 413 1528 ad
428 1467 493 1528 illas
518 1468 621 1529 saltem
643 1467 715 1543 †ad
730 1469 875 1548 piscinam
891 1478 959 1550 post
977 1477 1020 1532 tot
1034 1471 1155 1534 iniurias
1172 1482 1250 1544 sunt,

140 1575 291 1638 conuenit.
334 1573 414 1634 solae
436 1575 516 1634 enirn
537 1574 688 1651 quinariae
709 1574 789 1635 mille
814 1576 1018 1655 septingentae
1040 1578 1252 1658 quinquaginta

139 1687 315 1759 erogantur:
336 1679 444 1749 minus,
456 1697 545 1757 quam
560 1682 836 1743 commentariorum
852 1682 926 1743 ratio
942 1682 1000 1754 dat,
1016 1681 1158 1760 quinariis
1172 1682 1253 1745 mille

140 1794 260 1848 centum
281 1786 426 1864 quinque:
448 1785 546 1846 minus
568 1794 681 1857 autem,
700 1805 789 1865 quam
810 1807 967 1850 mensurae
989 1789 1025 1850 ad
1048 1797 1136 1869 caput
1157 1790 1252 1852 laetae

103 1907 127 1947 ¹⁵
141 1894 436 1962 demonstranerunt,
462 1891 604 1969 quinariis
625 1893 740 1954 duobus
762 1894 881 1955 milibus
904 1895 1082 1973 octingentis
1108 1897 1254 1975 quinqua·

139 2001 218 2079 ginta
240 2005 371 2080 septem:
396 1998 494 2059 minus
508 1998 610 2070 etiam,
633 2018 721 2078 quam
743 2001 773 2061 in
790 1978 905 2080 piscina
922 2001 1087 2071 inuenitur,
1109 2003 1252 2080 quinariis

139 2105 218 2167 mille
233 2103 402 2182 quingentis
419 2104 568 2182 sexaginta
583 2105 706 2166 duabus.
738 2106 863 2184 ideoque
880 2126 947 2169 cum
966 2107 1083 2169 sincera
1096 2107 1126 2168 in
1148 2107 1252 2169 urbem

140 2211 260 2293 proprio
279 2210 345 2271 riuo
359 2210 538 2291 perueniret,
561 2211 591 2270 in
608 2210 681 2271 urbe
697 2212 878 2273 miscebatur
894 2232 962 2273 cum
977 2212 1090 2273 Anione
1107 2232 1195 2282 nouo,
1219 2223 1251 2275 ut

141 2316 317 2377 contusione
338 2316 414 2377 lacta
437 2324 467 2376 et
489 2316 644 2396 conceptio
666 2336 768 2378 earum
785 2324 814 2378 et
836 2319 967 2395 erogatio
983 2324 1064 2379 esset
1087 2317 1251 2380 obscurior.

99 2444 126 2485 ao
141 2421 218 2500 quod
241 2421 331 2499 siqui
352 2423 427 2483 lortc
444 2441 490 2483 me
505 2420 734 2500 adquisitionum
752 2422 900 2482 mensuris
916 2422 1041 2485 blandiri
1056 2431 1179 2502 putant,
1201 2427 1253 2488 ad-

139 2527 279 2589 monendi
299 2535 368 2588 sunt
391 2529 464 2590 adeo
482 2529 616 2590 Curtium
637 2536 666 2588 et
682 2528 856 2590 Caeruleum
878 2528 975 2589 lontcs
997 2547 1091 2607 aquae
1114 2528 1252 2593 Claudiae

139 2634 277 2696 sulficere
291 2635 326 2696 ad
344 2637 537 2714 praestandas
553 2633 655 2697 ductui
672 2652 727 2695 suo
737 2632 888 2712 quinarias
897 2651 971 2711 quas
987 2635 1151 2713 significaui
1166 2644 1252 2713 quat-

138 2748 206 2801 tuor
226 2740 304 2802 milia
323 2751 479 2805 sexcentas
502 2748 631 2821 septem,
656 2746 687 2799 ut
705 2722 859 2817 praeterea
876 2738 956 2800 mille
978 2727 1134 2803 sexcentae
1157 2727 1253 2803 ellua-

138 2845 256 2907 dantur.
293 2866 349 2908 nec
364 2866 400 2909 eo
415 2849 524 2909 infitias
540 2845 612 2924 quin
628 2863 662 2905 ea
678 2862 755 2923 quae
768 2845 956 2923 superfluunt
972 2863 1031 2905 non
1052 2844 1112 2906 sint
1132 2847 1252 2927 proprie

98 2967 124 3009 aa
139 2953 246 3014 horum
266 2955 409 3029 lontium3
433 2955 589 3034 capiuntur
613 2944 692 3013 enim
714 2969 749 3011 ex
767 2951 913 3028 Augusta,
938 2970 1025 3029 quam
1048 2952 1199 3013 inuentam
1221 2952 1252 3013 in

139 3058 265 3121 Marciae
286 3060 540 3141 subplementum,
563 3057 698 3120 dumille
716 3075 776 3117 non
791 3056 916 3135 indiget,
939 3056 1102 3119 adiecimus
1121 3057 1251 3120 lontibus

210 3314 384 3364 lsexcentatl
402 3311 405 3379 Ι
428 3315 454 3362 ἰη
471 3329 517 3363 οηι.
536 3314 557 3363 C
570 3310 574 3378 1
590 3314 606 3363 2
625 3312 723 3361 duabus
735 3341 744 3361 .
756 3340 783 3360 ..
794 3340 836 3361 ...
848 3311 1101 3362 adecairnostr...'··
1111 3313 1190 3362 ..tior
1209 3313 1229 3363 C
1246 3309 1250 3378 Ι

138 3403 327 3453 dtrecentaC
353 3401 357 3468 Ι
384 3406 399 3454 7
425 3405 522 3455 subtrai
540 3402 764 3468 depreenderimus
783 3402 804 3452 0
825 3399 829 3466 Ι
851 3401 868 3452 8
890 3402 1003 3464 quinaris
1030 3399 1034 3468 Ι
1063 3404 1181 3455 llautem
1200 3404 1249 3455 del.

139 3494 264 3544 Iocacndus
287 3495 444 3560 negligentia
463 3502 506 3543 aut
529 3494 601 3543 fraus
619 3492 778 3543 Heinricldua
806 3487 810 3556 Ι
836 3491 941 3557 abparet
966 3492 986 3541 0
1014 3487 1018 3556 Ι
1047 3494 1076 3543 ll
1096 3494 1252 3545 scribendum

138 3584 240 3634 uidetur
258 3583 347 3634 saltem
366 3599 431 3647 quae
452 3583 485 3632 ad
510 3585 635 3649 piscinam
656 3592 713 3648 post
731 3592 768 3633 tot
788 3583 894 3632 iniurias
913 3583 1011 3647 positae
1027 3594 1101 3634 sunt:
1123 3587 1172 3636 nisi
1198 3589 1253 3650 quia

138 3677 207 3725 malit
224 3690 289 3738 quae
302 3703 336 3709 —-
355 3673 453 3739 positae
470 3681 528 3738 post
549 3682 567 3722 t.
586 3676 602 3724 i.
623 3684 682 3724 sunt
703 3671 707 3738 Ι
729 3673 852 3737 piscinam
869 3673 978 3723 Poleour
995 3674 1108 3738 piscinas
1129 3676 1150 3725 0
1168 3673 1172 3742 Ι
1193 3685 1252 3726 sunt

138 3780 185 3819 om.
197 3766 252 3816 eod.
268 3767 351 3817 Vatia.
368 3761 372 3830 Ι
391 3764 422 3813 12
441 3762 535 3814 SolaO
554 3760 557 3828 Ι
582 3763 703 3814 13'datur
720 3760 757 3828 ΟΙ
780 3763 811 3812 14
830 3771 900 3812 actae
918 3763 1056 3814 Schultziuc
1076 3761 1080 3830 Ι
1098 3764 1128 3815 15
1139 3767 1251 3829 quinatis

139 3868 172 3929 0,
189 3870 244 3918 item
257 3887 280 3918 u.
301 3865 351 3938 16Ι
376 3829 625 3916 l8mi⁹se⁰batur0
652 3864 656 3930 Ι
687 3879 786 3929 anyone
811 3864 854 3933 ΟΙ
875 3868 909 3917 ud
938 3869 958 3917 0
980 3865 984 3933 Ι
1007 3867 1037 3916 21
1066 3867 1175 3919 cerotum
1199 3869 1220 3918 0
1245 3868 1250 3937 Ι

138 3959 238 4008 claudio
263 3959 284 4008 C
314 3953 318 4022 Ι
356 3957 390 4007 23
413 3958 573 4008 sexcentaC
600 3954 604 4022 Ι
640 3955 675 4004 ud
699 3962 815 4021 praetera
839 3958 860 4008 0
886 3955 890 4022 Ι
923 3958 1068 4008 effundatur
1089 3958 1110 4007 0
1133 3954 1138 4022 Ι
1159 3959 1193 4009 24
1211 3961 1250 4008 in-

139 4048 211 4098 ficias
235 4048 256 4097 C
275 4042 279 4111 Ι
301 4061 345 4095 eae
364 4049 474 4097 Polenue
493 4045 497 4112 Ι
524 4047 641 4112 propriae
664 4045 822 4098 Heinricllius
841 4046 845 4113 Ι
866 4049 899 4098 25
918 4065 994 4111 quam
1014 4051 1142 4098 inuentam
1165 4049 1250 4100 Dede·

139 4139 232 4190 riclam
251 4155 299 4201 que
321 4139 450 4188 inuentum
473 4139 574 4204 Cquae
604 4138 852 4188 inuento-adiicitur
872 4139 983 4188 Poleaus
1013 4136 1017 4206 Ι
1046 4141 1250 4205 imarciesub-

137 4225 262 4298 plenitum
284 4229 304 4278 0
