2798 4896
203 233 222 293 2
628 257 709 298 1vn11
732 235 890 300 securim

203 404 326 475 contuli,
346 424 435 482 quem
453 424 507 484 pro
531 406 655 467 lormnla
673 407 932 468 administrationis
955 410 1104 482 respicere
1122 426 1248 484 possem.
1283 410 1313 470 in

203 511 267 572 aliis
285 518 383 572 autem
401 511 500 584 libris,
523 529 598 589 quos
612 519 680 589 post
696 512 895 591 experimenta
911 520 940 573 et
959 533 1043 574 nsum
1065 516 1222 593 conposui,
1247 535 1314 576 suc-

203 617 369 678 cedentium
388 636 437 677 res
463 623 525 677 acta
540 622 601 691 cst;
624 616 713 677 huius
730 620 932 681 commentarii
953 620 1113 700 pertinebit
1135 622 1270 683 fortassis
1286 631 1314 680 et

203 725 240 784 ad
275 741 480 784 successorem
510 722 634 791 utilitas,
667 729 713 782 set
742 741 809 784 cum
836 724 914 785 inter
940 725 1022 787 initia
1053 725 1314 787 administrationis

203 847 286 889 meae
308 829 438 907 scriptus
460 827 513 895 sit,
538 827 568 888 in
589 826 692 906 primis
716 830 752 888 ad
774 838 907 891 nostram
930 831 1147 892 institutionem
1168 831 1341 907 regulam-s

169 939 185 991 3
204 951 262 1011 que
283 932 428 1013 proficiet.
472 952 506 994 ao
526 952 564 993 ne
586 933 654 1010 qnid
673 934 708 994 ad
733 935 822 995 totins
840 938 884 997 rei
902 937 1055 1017 pertinens
1076 936 1209 998 notitiam
1230 953 1315 1014 prac-

203 1039 368 1101 tcrmisisse
391 1039 508 1111 uidear,
532 1038 650 1100 nomina
667 1040 795 1120 primum
812 1060 969 1119 aquarum,
988 1061 1064 1121 qnae
1086 1042 1117 1102 in
1133 1041 1235 1102 urbem
1258 1041 1316 1101 lto·

203 1164 280 1207 mam
303 1145 441 1216 influant,
464 1166 588 1226 ponam3
618 1154 680 1207 tum
700 1165 754 1226 per
778 1166 854 1226 quos
875 1166 1010 1226 quaeque
1033 1167 1135 1209 earum
1157 1155 1186 1207 et
1208 1147 1314 1224 quihus

204 1251 392 1323 consulibus,
416 1259 507 1330 quoto
523 1260 591 1332 post
612 1251 716 1312 urbem
739 1253 886 1315 conditam
904 1272 982 1314 anno
1003 1255 1146 1335 perducta
1169 1253 1223 1329 sit;
1246 1252 1312 1312 dein

202 1355 310 1434 quihus
339 1376 374 1417 ex
396 1358 470 1419 locis
492 1366 521 1419 et
548 1379 563 1420 a
593 1365 683 1436 quoto
708 1359 837 1418 miliario
860 1358 1008 1438 coepisset
1034 1359 1085 1398 ²¹⁸*
1113 1378 1147 1419 ac
1172 1366 1312 1437 quantum
1328 1372 1351 1411 10

204 1461 397 1539 subterraneo
413 1463 488 1535 rinc,
505 1471 646 1541 quantum
665 1462 896 1534 substructione,
912 1471 1056 1540 quantum
1074 1483 1163 1542 opere
1178 1473 1315 1538 arcuato;

202 1575 271 1646 post
287 1566 470 1628 altitudinem
489 1567 632 1644 cuiusque
654 1567 899 1645 modulorumque
921 1569 969 1608 **
990 1567 1175 1645 erogationes
1198 1567 1235 1628 ab
1256 1568 1319 1637 illis¹

202 1673 295 1732 iactae
315 1672 388 1741 sint,
411 1680 554 1748 quantum
575 1679 655 1732 extra
676 1673 788 1744 urbem,
811 1680 954 1751 quantum
971 1675 1053 1733 intra
1073 1674 1178 1735 urbem
1200 1673 1316 1735 unicui-

202 1795 260 1854 que
281 1777 396 1855 regioni
422 1795 477 1856 pro
502 1794 556 1838 suo
579 1779 666 1842 modo
696 1798 888 1858 unaquaeque
917 1796 1058 1855 aquarum
1089 1779 1214 1855 serniat;
1243 1788 1315 1856 quot

204 1882 324 1944 castella
354 1882 472 1962 publica
503 1880 701 1961 [priuataque]
732 1884 805 1954 sint,
838 1894 868 1945 et
900 1903 935 1945 er
963 1882 988 1946 is
1013 1895 1154 1963 qnantum
1185 1886 1350 1967 publicisne

203 1987 358 2068 operibus,
381 1992 524 2066 quantum
539 1990 711 2050 muneribus
733 2024 774 2033 —
795 1990 835 2050 ita
854 1989 933 2051 enim
948 1989 1089 2076 cultiores
1108 1991 1255 2071 appellant
1272 2024 1314 2034 ·-

202 2101 345 2171 qnantum
367 2092 490 2163 lacibus,
512 2101 655 2170 quantum
673 2094 792 2156 nomine
815 2093 905 2172 [lulli]
929 2094 1073 2168 Caesaris,
1097 2102 1239 2173 quantum
1254 2096 1314 2175 pri-

203 2205 337 2259 uatorum
356 2199 460 2259 nsihus
482 2197 632 2259 beneficio
649 2199 792 2280 principis
814 2201 917 2276 detnr;
940 2201 1019 2278 quod
1041 2200 1088 2261 ius
1109 2203 1313 2262 ducendarum

202 2303 436 2381 tuendarumque
458 2306 496 2366 sit
518 2325 635 2378 earnm,
655 2325 730 2384 quae
751 2306 780 2366 id
803 2307 938 2368 sanciant
959 2325 1073 2386 poenae
1092 2307 1172 2384 lege,
1194 2316 1314 2368 senatus

202 2408 359 2479 consultis,
383 2412 527 2473 mandatis
550 2411 717 2492 principum
735 2411 895 2490 inrogatae.
1326 2428 1351 2465 ‘2⁰

272 2593 284 2643 1
304 2596 430 2662 respicere
446 2613 549 2664 possem
568 2614 620 2648 enim
637 2600 777 2664 insequenti
794 2597 885 2647 lineola
904 2597 963 2646 odd.
982 2599 1113 2659 posterior
1129 2611 1216 2645 manns
1234 2597 1269 2645 ita
1288 2604 1314 2644 ut

196 2687 273 2748 prior
297 2688 466 2753 dreodenipinti
479 2690 538 2752 fere
562 2691 701 2739 litterarum
715 2691 823 2755 spatium
840 2690 971 2755 reliquisse
990 2689 1109 2737 uideatur
1129 2684 1133 2750 1
1157 2684 1313 2735 3commen-

201 2771 258 2824 terii
274 2775 391 2825 fortassis
410 2770 544 2848 fiortinebit
557 2795 610 2829 enm
625 2781 809 2843 transponendi
823 2778 936 2845 sa‘pnisG
957 2777 960 2841 1
979 2777 996 2827 5
1012 2777 1131 2841 scriptus'
1148 2776 1186 2842 01
1203 2787 1312 2827 nostram

199 2868 292 2930 scripsi
307 2863 347 2915 nii
363 2871 430 2931 prend
450 2878 489 2919 est
508 2867 555 2918 nii
573 2871 689 2919 Omeam
711 2871 767 2920 cod.
788 2870 853 2921 Vrb.
877 2864 916 2933 16
935 2867 1147 2931 praeterinnsisse
1162 2867 1182 2915 0
1200 2864 1204 2932 1
1224 2868 1240 2917 8
1257 2876 1315 2930 post

201 2957 308 3005 inllunnt
322 2959 408 3007 littera
426 2958 455 3022 (ο
473 2966 501 3007 ut
517 2958 628 3022 uidetur)
646 2958 749 3007 inducta
766 2959 792 3006 in
811 2958 831 3007 0
850 2954 854 3022 1
875 2953 1072 3006 uconsutibuus
1090 2955 1112 3004 O
1130 2952 1134 3022 1
1155 2957 1206 3005 sint
1225 2957 1313 3022 Oper-

200 3047 290 3095 ductae
307 3046 358 3095 sint
373 3045 500 3098 Ioeundus
519 3045 524 3116 1
545 3048 578 3098 10
591 3048 699 3097 miliario
712 3047 774 3096 add.
791 3045 919 3095 Iocundns
934 3043 938 3109 1
955 3045 1080 3109 coepisset
1097 3046 1204 3095 Polenus
1216 3049 1313 3111 cepisse

201 3133 240 3202 01
255 3137 396 3186 addendum
413 3146 473 3200 quot
490 3154 584 3204 passus
600 3139 690 3187 ductus
708 3137 831 3199 cuiusque
846 3135 938 3184 efficiat
955 3131 959 3201 1
977 3134 1005 3185 11
1020 3136 1183 3185 subterrn'neo
1199 3137 1220 3186 0
1234 3134 1238 3199 Ι
1254 3138 1313 3186 sub-

200 3229 364 3278 structionem
381 3225 418 3296 01
443 3230 474 3278 12
494 3231 634 3279 addendum
653 3229 778 3285 rationes;
800 3227 908 3290 denique
928 3241 992 3289 quae
1017 3227 1128 3286 praeivit
1149 3224 1311 3290 Schultzinsl

199 3320 297 3370 habiles
316 3320 354 3386 01
378 3320 410 3370 13
428 3322 494 3370 intre
508 3309 598 3367 urbem
613 3319 725 3368 Polenns
740 3317 805 3366 intra
820 3330 866 3365 om.
885 3316 940 3365 Oin
958 3317 1019 3365 urbe
1036 3317 1092 3367 eod.
1114 3317 1177 3366 Vrd.
1195 3312 1199 3382 1
1218 3317 1248 3366 15
1262 3317 1313 3381 pri-

200 3418 308 3474 uataque
321 3413 369 3461 del.
384 3410 521 3460 Saleantes
537 3405 541 3475 1
559 3408 590 3459 16
602 3409 743 3458 mniaribus
762 3409 801 3474 (ia
813 3405 965 3470 obscure)0
985 3403 989 3472 1
1013 3406 1141 3472 appellant
1159 3407 1199 3456 ed.
1214 3407 1314 3471 Arpen·

198 3504 334 3552 toratensis
353 3501 512 3566 appellentur
529 3497 567 3564 01
593 3499 625 3549 18
644 3498 732 3547 usibus
751 3497 910 3547 Heinriclrins
925 3498 999 3546 usiO
1015 3497 1072 3546 usui
1084 3497 1140 3545 cod.
1164 3497 1226 3546 Vrb.
1248 3493 1251 3561 1
1274 3497 1313 3543 ius

199 3592 371 3641 ducendarum
391 3591 591 3651 tuendarumque
608 3587 749 3637 Schultzins
770 3589 969 3637 iustnendarum.
991 3587 1074 3651 queO
1100 3586 1104 3653 1
1132 3587 1164 3638 19
1180 3587 1247 3635 idem
1266 3586 1286 3635 0
1307 3585 1311 3647 1

199 3696 297 3748 poenae
313 3682 370 3747 lege
393 3681 487 3743 scripsi
503 3693 570 3745 pena
587 3679 654 3744 elige
673 3679 694 3729 0
711 3694 808 3744 poenae
821 3694 853 3728 ex
874 3680 974 3745 legibus
993 3676 1153 3729 Heinriclrius
1175 3680 1178 3740 1
1199 3676 1233 3725 20
1253 3690 1312 3724 con-

199 3772 266 3821 sulto
283 3772 304 3822 G
323 3770 327 3838 1
348 3772 456 3836 Explicit
470 3771 593 3837 prologus
606 3779 667 3833 post
679 3772 795 3837 inrogate
812 3772 833 3822 0
