2798 4896
149 234 188 295 44
574 251 654 293 1vn11
676 251 833 292 nnournu

148 403 198 463 cit.
233 402 263 463 in
284 402 480 481 quorumdam
500 402 606 464 tistulis
622 420 660 462 ne
675 399 783 462 calices
800 400 919 479 quidem
936 398 1025 482 positi
1040 402 1172 463 luerunt.
1205 403 1265 465 hae

148 509 264 571 fistulae
288 507 400 569 solutae
424 515 570 569 uocantur
592 516 621 568 et
641 516 674 568 ut
696 506 816 584 aquario
835 505 934 578 libuit,
957 505 1091 568 laxantur
1107 505 1154 566 uel
1177 526 1266 568 coar-

90 620 139 672 tlt
149 622 259 677 tantur.
302 614 397 676 adbuc
420 613 468 674 illa
491 613 679 691 aquariorum
702 609 894 673 intolerabilis
920 613 1001 674 lrans
1023 619 1085 673 est:
1118 611 1263 675 translata

148 720 178 780 in
191 738 299 781 nouum
312 738 518 799 possessorem
530 740 604 798 aqua
622 721 754 781 toramen
770 736 881 781 nouum
892 717 1014 780 castello
1026 719 1190 800 imponunt,
1208 738 1265 780 ue·

148 836 197 889 tus
218 826 389 904 relinquunt
403 840 462 899 quo
483 825 617 887 uenalem
633 826 790 888 extrahunt
806 844 921 904 aquam.
947 826 977 886 in
993 825 1095 906 primis
1111 844 1182 905 ergo
1202 827 1290 888 hoe⁵

148 950 266 1011 qnoque
289 929 504 991 emendandum
527 931 656 993 curatori
686 933 871 994 crediderim.
907 949 966 992 non
992 930 1072 993 enim
1095 931 1193 994 solnm
1221 932 1260 993 ad

99 1115 105 1121 ¹
148 1039 280 1118 ipsarum
301 1052 443 1114 aquarum
460 1036 637 1108 custodiam,
662 1044 708 1097 set
728 1037 815 1099 etiam
836 1039 871 1099 ad
895 1035 1009 1098 castelli
1029 1036 1151 1100 tutelam
1169 1039 1264 1118 perti-

91 1147 215 1213 tranet,
241 1141 320 1219 qnod
346 1140 471 1202 subinde
497 1149 526 1203 et
557 1143 620 1203 sine
648 1163 736 1206 causa
767 1145 894 1206 loratunr
921 1141 1051 1204 uitiatur.
1096 1142 1184 1204 etiam
1211 1143 1263 1204 ille

149 1247 337 1328 aquariorum
358 1246 506 1310 tollendus
524 1256 575 1309 est·
589 1249 716 1321 ruditus,
739 1266 827 1327 quem
843 1254 951 1309 uocant
972 1255 1092 1328 puncta.
1121 1248 1209 1327 longa
1225 1269 1263 1310 ae

148 1355 265 1418 diuersa
282 1361 352 1415 sunt
366 1355 474 1435 spatia,
496 1374 550 1436 per
564 1374 638 1434 quae
654 1355 770 1417 fistulae
785 1361 844 1415 tota
862 1361 960 1415 meant
976 1353 1048 1415 urbe
1063 1356 1189 1417 latentes
1203 1355 1261 1416 sub
1277 1369 1301 1409 ¹⁰

148 1462 241 1524 silice.
277 1461 331 1522 bas
354 1461 475 1541 cooperi
498 1480 552 1542 per
580 1480 645 1523 eum
667 1461 715 1540 qui
738 1461 939 1541 appellabatur
966 1482 982 1523 a
1002 1460 1120 1540 punctis
1148 1460 1260 1541 passim

148 1568 376 1631 conuulneratas
396 1566 532 1629 omnibus
554 1567 584 1627 in
604 1566 730 1628 transitu
751 1566 998 1644 negotiationibus
1020 1563 1194 1646 praebuisse
1209 1585 1263 1644 pe-

149 1673 307 1736 culiaribus
329 1669 435 1734 tistulis
459 1690 578 1748 aquam,
607 1691 665 1750 quo
689 1672 873 1734 efficiebatur
893 1681 926 1733 ut
952 1672 1073 1750 exiguus
1095 1670 1200 1731 modus
1223 1671 1260 1731 ad

149 1797 221 1840 usus
235 1776 371 1857 publicos
387 1777 566 1856 perueniret.
597 1786 739 1856 quantum
755 1797 791 1839 ex
807 1779 864 1842 hoo
879 1779 966 1840 modo
981 1795 1074 1854 aquae
1089 1784 1261 1858 surreptum

148 1882 201 1952 sit,
223 1881 346 1943 aestimo
361 1900 397 1943 ex
416 1900 450 1942 eo
471 1884 548 1960 quod
570 1885 750 1962 aliquantum
765 1883 879 1964 plumbi
900 1882 1024 1944 sublatis
1047 1881 1191 1944 eiusmodi
1212 1900 1261 1943 ra·
1275 1895 1299 1936 1⁵

149 1988 204 2050 mis
226 1988 378 2049 redactum
399 1994 454 2049 est.

92 2092 148 2178 rto,
234 2094 377 2174 Superest
392 2096 482 2157 tutela
508 2097 663 2168 ductuum,
687 2096 723 2156 de
739 2115 795 2174 qua
812 2095 982 2177 priusquam
997 2092 1097 2154 dicere
1111 2093 1260 2173 incipiam,

148 2220 242 2280 pauca
266 2201 301 2261 de
321 2199 429 2262 familia
450 2221 523 2279 qnae
539 2201 626 2265 huius
646 2203 688 2264 rei
704 2222 791 2265 cansa
809 2208 912 2282 parata
927 2206 973 2259 est
991 2198 1164 2278 explicanda
1179 2207 1261 2259 sunt.

148 2304 274 2367 familiae
296 2314 364 2367 sunt
390 2306 479 2377 dnae,
509 2308 600 2370 altera
622 2309 755 2388 publica,
780 2308 870 2370 altera
893 2303 1037 2367 Caesaris.
1073 2303 1191 2383 publiea
1213 2312 1261 2364 est

147 2409 307 2488 antiquior,
330 2428 417 2489 quarn
437 2411 474 2473 ab
488 2414 615 2494 Agrippa
630 2415 761 2476 relictam
777 2415 908 2491 Augusto
928 2417 957 2470 et
977 2408 1013 2469 ab
1028 2428 1063 2469 eo
1080 2408 1261 2488 publicatam
1274 2423 1299 2462 2⁰

147 2515 291 2592 ‹liximns3
318 2516 407 2579 habet
430 2518 565 2581 homines
587 2521 705 2581 circiter
727 2520 869 2580 ducentos
891 2515 1093 2595 quadraginta.
1126 2513 1260 2576 Caesaris
1384 2504 1387 2511 ’

148 2621 273 2685 familiae
294 2642 434 2685 numerus
458 2631 504 2686 est
531 2622 992 2705 quadringentorumsexaginta,
1015 2640 1103 2699 quarn
1121 2619 1260 2681 Claudius

90 2739 137 2788 117
148 2745 215 2790 oum
230 2747 322 2807 aquas
341 2730 371 2791 in
386 2732 489 2794 urbem
505 2735 680 2814 perduceret
694 2731 855 2794 constituit.
888 2737 1011 2808 utraque
1032 2733 1130 2788 autem
1151 2725 1258 2788 familia

147 2834 176 2895 in
204 2833 314 2911 aliquot
334 2837 564 2900 ministeriorum
589 2839 706 2921 species
725 2837 884 2908 diducitur,
918 2835 1038 2905 uilicos,
1069 2830 1258 2901 castellanos,

147 2937 316 3012 circitores,
345 2942 503 3014 silioarios,
534 2952 662 3006 tectores
684 2944 815 3021 aliosque
843 2941 975 3022 opilices
1011 2958 1047 3001 ex
1069 2939 1116 3000 bis
1144 2938 1258 3017 aliquos
1274 2953 1299 2993 aa

147 3053 228 3107 extra
244 3046 349 3108 urbem
371 3066 438 3108 esse
454 3056 571 3128 oportet
592 3050 627 3110 ad
642 3068 676 3111 ea
692 3068 766 3127 qnae
782 3069 841 3110 non
858 3056 927 3109 sunt
947 3064 1069 3125 magnae
1088 3043 1259 3109 molitionis.

146 3159 293 3214 maturum
310 3159 409 3214 tamen
423 3153 561 3215 auxilium
578 3154 716 3216 uidentur
731 3155 857 3234 exigere.
887 3135 1022 3216 homines
1041 3152 1072 3213 in
1087 3151 1161 3213 urbe
1180 3150 1258 3211 circa

146 3256 337 3320 castellorum
361 3267 391 3319 et
415 3278 571 3321 munerum
597 3258 737 3322 stationes
766 3279 855 3341 opera
884 3276 1017 3336 quaeque
1038 3256 1201 3336 urgebunt,
1228 3255 1259 3316 iu

145 3361 248 3442 primis
270 3363 306 3424 ad
327 3363 441 3425 subitos
467 3383 568 3435 casua,
593 3374 624 3426 ut
646 3385 680 3425 ox
700 3364 894 3444 conpluribus
911 3363 1098 3442 regionibus,
1124 3361 1257 3439 inquam

146 3467 309 3530 necessitas
330 3468 510 3541 incubuerit,
531 3472 663 3532 conuerti
683 3472 779 3552 possit
799 3470 978 3551 praesidinm
1001 3487 1141 3547 aquarum
1164 3468 1259 3530 abnn·
1272 3483 1298 3525 ao

218 3671 230 3721 l
248 3671 404 3722 ducit.mln
419 3673 440 3723 0
452 3672 457 3740 1
473 3673 489 3722 7
506 3675 566 3740 ipssa
578 3676 639 3725 ritC
652 3672 656 3740 1
672 3675 816 3739 badinqrsa
829 3671 867 3739 01
884 3671 1000 3738 quttae]
1012 3688 1032 3742 q
1045 3671 1152 3738 (qnod)
1168 3688 1216 3722 non
1239 3687 1260 3736 ep

147 3765 167 3815 0
180 3765 185 3829 1
203 3764 232 3815 ll
250 3764 386 3829 conpariO
399 3763 403 3827 1
418 3761 543 3831 passimG
556 3763 560 3830 Ι
578 3765 608 3816 12
620 3766 824 3832 negociatoribus
833 3764 959 3815 locandus
974 3763 978 3830 1
996 3765 1026 3815 14
1039 3770 1181 3829 surreptum
1195 3766 1259 3813 sari-

145 3859 189 3921 psi
200 3846 327 3906 serbatum
339 3855 360 3905 0
372 3855 498 3905 sublatum
505 3855 632 3908 Iocundus
652 3874 685 3907 ex
697 3857 744 3906 hac
757 3855 934 3906 emendatione
947 3871 1028 3919 aquae
1039 3862 1168 3906 seruatum
1176 3855 1259 3904 Dede-

146 3944 259 4014 ricdiusl
278 3946 308 3998 15
325 3947 430 3998 sublatis
450 3949 514 3998 coni.
528 3949 638 4001 Poleour
651 3947 742 3998 sublati
758 3943 797 4012 01
813 3946 846 3997 18
864 3948 929 3998 inter
947 3952 1005 3998 sunt
1022 3954 1048 3995 et
1061 3943 1156 3994 familie
1173 3945 1261 4009 uiginti

145 4038 248 4089 circiter·
260 4039 398 4087 litterarum
413 4036 518 4097 spatium
534 4037 559 4085 ia
572 4038 610 4102 01
625 4037 659 4088 20
670 4039 787 4103 agryppa
802 4033 841 4100 ‘Ol
856 4036 937 4086 habeo
957 4035 996 4103 01
1011 4038 1045 4087 22
1064 4035 1160 4084 familia
1172 4033 1209 4097 01
1225 4036 1259 4083 at

147 4128 250 4192 aliquod
269 4126 273 4190 l
296 4127 427 4177 deducitur
446 4128 477 4188 0,
495 4144 538 4178 em
558 4125 703 4192 Iomaendual
724 4126 881 4178 27homines
900 4129 993 4191 scripsi
1005 4127 1127 4176 omnesC
1145 4124 1149 4188 l
1172 4126 1258 4175 urbem

147 4231 234 4294 0128
250 4231 289 4295 qq
306 4215 420 4296 orgeta!
445 4231 478 4283 29
497 4229 554 4280 u‘C
578 4229 583 4295 1
606 4229 837 4281 torneamento
864 4226 868 4294 1
898 4230 1080 4280 abundantium
1100 4228 1260 4280 Heinrielriua
