2798 4896
145 244 182 304 16
331 220 337 231 ’
567 257 648 303 tvnn
671 260 829 304 nuonrnu

142 413 272 492 quinque
290 412 366 487 sint3
390 421 419 472 et
443 413 606 473 secundnm
624 432 727 474 eorum
749 413 936 474 modulorum
954 412 1114 486 rationem,
1134 412 1184 490 qui
1208 431 1256 472 se·

143 526 290 596 quuntur,
312 536 410 580 aream
436 517 522 578 babet
545 518 703 595 digitorum
726 519 936 596 quadratorum
964 519 1068 595 exigno
1091 519 1189 578 tninus
1211 518 1257 578 ni-

101 623 227 707 atnginti.
275 624 351 684 ratio
371 625 536 687 fistularum
556 623 757 702 quinariarnm
775 627 920 703 usquead
939 633 1097 703 centenum
1115 623 1257 684 nicenum

143 747 196 810 per
219 748 323 791 omnes
340 730 476 791 modulos
495 725 539 790 ita'
557 729 705 800 sehabet,
729 739 762 792 nt
777 731 979 803 ostendimus,
994 740 1023 791 et
1045 730 1125 791 omni
1145 746 1258 805 genere

142 835 215 915 inita
234 844 349 896 constat
366 835 432 895 sibi.
480 835 621 896 conuenit
644 845 673 896 et
689 856 756 898 cnm
772 837 797 897 is
818 836 963 906 modulis,
987 835 1037 913 qui
1058 835 1087 895 in
1105 851 1286 896 commen-5

143 941 226 1002 tariis
251 940 440 1002 inuictissimi
465 949 494 1001 et
516 939 641 1020 piissimi
663 943 805 1022 principis
830 941 917 1022 positi
939 949 969 1001 et
993 941 1158 1003 confirmati
1177 946 1258 1000 snut.

144 1047 208 1109 siue
230 1046 328 1125 itaquo
350 1047 425 1110 ratio
440 1048 504 1108 siue
522 1047 684 1109 auctoritas
705 1049 856 1127 sequenda
875 1056 935 1119 est,
959 1055 1084 1125 utroque
1107 1063 1260 1107 commen·

144 1154 286 1216 lariorum
305 1154 414 1215 moduli
429 1155 612 1234 praeualent.
656 1156 708 1216 sed
729 1156 841 1233 aquarii
865 1176 933 1218 cum
956 1156 1129 1217 manifestae
1150 1151 1259 1212 rationi

144 1265 175 1321 in
204 1260 339 1341 pluribus
366 1260 567 1329 consentiant,
598 1261 628 1321 in
653 1269 793 1338 quattuor
814 1263 941 1324 modulis
962 1265 1164 1330 uocauerunt,
1184 1257 1260 1318 dno-

102 1369 136 1420 32
146 1369 267 1430 denaria
285 1377 314 1427 et
331 1367 479 1428 uicenaria
495 1375 524 1427 et
539 1367 707 1428 centenaria
725 1377 754 1427 et
769 1375 927 1429 centenum
944 1367 1091 1428 nicenum.
1135 1374 1164 1425 et
1184 1365 1260 1425 duo·
1275 1385 1300 1423 ro

144 1474 283 1535 denariae
301 1471 419 1551 quidem
442 1490 497 1532 nec
513 1490 638 1549 magnus
659 1490 742 1532 error
759 1492 816 1533 neo
835 1492 907 1534 usus
925 1475 1064 1551 frequens
1080 1480 1134 1532 est.
1173 1470 1259 1530 cuius

145 1581 288 1642 diametro
307 1579 480 1641 adiecerunt
497 1576 579 1654 digiti
596 1577 775 1638 semunciam
794 1579 938 1641 sicilicum
958 1576 1127 1660 capacitati,
1152 1574 1259 1652 quina-

144 1686 205 1747 riae
225 1681 432 1762 quadrantem.
476 1687 506 1743 r'n
527 1683 650 1760 reliquis
667 1689 764 1744 autem
788 1687 882 1746 tribus
900 1685 1026 1746 modulis
1047 1683 1115 1762 plus
1130 1684 1260 1760 depren-

145 1792 234 1853 ditur.
277 1790 455 1852 uicenariam
482 1788 662 1866 exiguiorem
685 1790 796 1851 iaciunt
813 1790 955 1852 diametro
977 1788 1060 1867 digiti
1087 1787 1211 1849 semisse
1231 1791 1262 1844 et

145 1900 311 1970 semuncia,
335 1895 495 1975 capacitate
519 1894 661 1971 quinariis
688 1897 785 1958 tribus
808 1906 837 1958 et
853 1899 1022 1973 quadrante
1043 1902 1072 1955 et
1096 1891 1298 1963 semunciam

146 2024 205 2083 qno
222 2004 341 2065 modulo
359 2002 533 2082 plerumque
549 2010 697 2080 erogatur.
743 2005 911 2065 centenaria
933 2012 1030 2064 nutem
1052 2008 1080 2060 et
1098 2007 1256 2059 centenum

147 2110 300 2184 nicenum,
322 2107 430 2186 quibus
446 2107 564 2169 assidue
581 2106 744 2186 accipiunt,
769 2128 828 2169 non
847 2110 1021 2170 minuuntur
1041 2114 1085 2168 set
1101 2111 1258 2182 augentur.

146 2213 290 2273 diametro
312 2213 389 2273 enim
414 2213 602 2274 centenariae
622 2212 751 2273 adiciunt
770 2215 853 2293 digiti
874 2215 992 2275 bessem
1013 2221 1043 2273 et
1067 2211 1259 2279 semunciam,

147 2318 303 2399 capacitati
325 2319 477 2396 quinarias
494 2320 597 2380 decem
614 2321 768 2382 semissem
786 2321 967 2382 semunciam
991 2318 1172 2398 [sicilicuml.
1189 2336 1260 2378 cen·

147 2434 249 2487 tenum
271 2427 409 2486 nicenum
436 2425 579 2487 diametro
610 2425 740 2487 adiciunt
770 2428 877 2505 digitos
897 2434 959 2487 tres
986 2434 1160 2505 septuncem
1182 2441 1261 2483 sem·
1275 2435 1300 2474 ²0

148 2533 264 2593 unciam
291 2536 450 2606 sicilicum,
482 2532 637 2612 capacitati
656 2534 806 2612 quinarias
834 2533 984 2612 sexaginta
1008 2551 1060 2592 sex
1087 2536 1261 2590 sextantem.

105 2639 186 2702 eaita
206 2640 276 2700 dum
294 2646 343 2700 aut
359 2639 540 2710 uicenariae,
563 2658 621 2717 qua
638 2629 763 2700 subinde
784 2649 920 2718 erogant,
944 2638 1102 2699 detrahunt
1120 2644 1170 2696 aut
1191 2653 1262 2695 cen-

145 2746 276 2807 tenariae
292 2754 321 2806 et
341 2753 499 2817 centenum
515 2746 654 2807 nicenum
669 2745 814 2816 adiciunt,
838 2745 947 2822 quibus
964 2763 1082 2824 semper
1099 2741 1259 2821 accipiunt,

145 2851 375 2931 intercipiuntur
392 2851 422 2911 in
438 2851 604 2914 centenaria
623 2852 773 2931 quinariae
790 2851 894 2929 uiginti
911 2858 1040 2936 septem,
1055 2851 1086 2937 in
1103 2856 1261 2910 centenum

147 2958 285 3019 nicenum
307 2957 459 3035 quinariae
480 2957 628 3034 octoginta
650 2977 700 3019 sex
718 2956 841 3037 [oncial
888 2955 966 3034 quod
988 2975 1055 3016 cum
1079 2955 1191 3017 ratione
1209 2955 1262 3015 ad·
1276 2970 1301 3010 25

147 3063 309 3143 probetur,
338 3082 371 3122 re
398 3081 516 3140 quoque
541 3064 604 3143 ipsa
635 3066 822 3126 manifestum
852 3070 906 3122 est.
954 3081 1022 3123 nam
1049 3072 1078 3124 et
1102 3061 1261 3132 uicenaria,

146 3188 235 3247 quom
258 3172 367 3232 Caesar
393 3187 447 3248 pro
468 3168 610 3247 quinariis
637 3170 767 3232 sedecim
794 3170 942 3247 assignat,
965 3188 1025 3230 non
1047 3168 1114 3248 plus
1137 3174 1263 3244 erogant

221 3413 230 3462 l
251 3427 335 3462 aream
354 3413 449 3475 scripsi
462 3413 552 3462 adeam
571 3413 592 3462 C
611 3411 614 3474 1
635 3412 810 3462 3uiccsimum
830 3412 850 3461 C
868 3409 872 3472 1
893 3410 959 3462 blais
977 3411 997 3460 G
1016 3413 1019 3476 1
1046 3410 1122 3459 8cnr
1140 3406 1266 3472 (uelcnn)

115 3529 121 3541 ·
148 3503 168 3552 0
188 3502 191 3564 Ι
219 3501 278 3551 {lin
302 3505 364 3553 add.
390 3506 500 3556 Polemio
525 3507 529 3568 1
557 3502 756 3554 nouauerinitG
780 3502 783 3559 Ι
814 3501 847 3551 10
870 3507 969 3549 centum
994 3499 1037 3563 01
1061 3501 1217 3550 duodenaria
1236 3499 1264 3559 0,

146 3610 191 3646 em.
213 3592 363 3658 lactandus}
391 3597 422 3647 12
441 3595 621 3662 sycylycumO
635 3595 638 3658 Ι
656 3594 687 3644 13
706 3592 880 3656 quadrantem.
913 3593 940 3640 ln
960 3589 1063 3653 reliquis
1083 3591 1191 3638 Polenns
1209 3588 1269 3636 ebe-

147 3700 209 3735 sem.
227 3685 341 3748 Reliquis
355 3685 393 3749 01
412 3686 441 3736 ld
461 3693 485 3735 et
501 3685 631 3734 semuncia
654 3682 761 3745 addidit
779 3682 810 3732 15
822 3690 846 3730 et
865 3682 1006 3745 quadrante
1024 3680 1131 3741 addidit
1152 3678 1184 3728 17
1200 3679 1267 3728 assi-

148 3777 197 3826 duc
218 3775 260 3838 01
281 3777 398 3825 minuunt
415 3777 457 3840 Ol
484 3777 517 3828 18
536 3775 658 3842 digitibus
683 3774 743 3822 bese
769 3773 790 3821 C
818 3772 822 3836 1
854 3772 886 3822 19
905 3773 1036 3836 sycilicnm
1054 3773 1075 3821 C
1092 3772 1158 3837 quand
1182 3780 1269 3821 trans·

144 3871 219 3931 posui
240 3875 298 3930 post
319 3869 473 3917 semunciam
491 3885 513 3918 o.
531 3868 562 3918 21
580 3867 584 3930 1
600 3864 801 3915 Centenouiceno
816 3863 847 3922 0,
867 3878 911 3912 ern.
932 3863 1042 3913 Poteras
1063 3862 1066 3924 1
1088 3862 1122 3910 20
1137 3861 1269 3910 semuncia

149 3959 169 4008 C
189 3959 192 4021 Ι
214 3958 244 4007 21
260 3958 376 4020 quinaria
387 3962 414 4020 G,
434 3975 477 4010 erro.
497 3958 625 4008 Iocnndras
645 3957 649 4020 1
670 3955 739 4004 LXV
754 3954 916 4012 dodrantem,
940 3955 1061 4003 sicilicum
1074 3955 1184 4002 Polenus
1205 3952 1209 4014 1
1233 3952 1267 4001 22

149 4066 212 4114 quas
225 4050 251 4100 G.
272 4067 315 4099 em.
330 4051 438 4099 Polenus
453 4048 457 4111 1
473 4049 591 4098 detranat
604 4048 624 4097 0
638 4047 641 4110 1
657 4046 768 4096 centarie
782 4045 802 4095 G
815 4044 819 4108 l
835 4043 940 4106 aequus
960 4045 981 4094 C
995 4043 998 4106 1
1014 4046 1047 4094 24
1055 4046 1145 4110 uiginti
1158 4041 1266 4109 septem]

149 4142 222 4190 XXV
242 4142 362 4203 dextans,
386 4140 486 4189 sextula
506 4139 617 4188 Polenue
642 4136 705 4204 125
731 4136 806 4185 uncia
827 4139 920 4186 seclusi
937 4134 1069 4183 LXXXlll
1094 4135 1184 4192 uncia,
1209 4134 1268 4182 sici-

150 4233 212 4282 licus
231 4233 339 4282 Polenns
