2798 4896
145 247 185 308 24
570 263 651 304 1vc11
673 263 830 304 raoraxux

101 423 136 475 66
231 411 335 475 taioni
352 413 446 475 ueteri
462 412 630 492 adscriptus
646 412 736 473 estin
753 411 972 473 commentariis
986 413 1092 473 modus
1102 400 1260 490 >quinaria-

144 538 210 581 rum
240 518 321 581 milis
352 518 576 598 quingentarum
610 518 803 595 quadraginta
829 516 926 580 unius,
975 517 1011 579 ad
1038 528 1127 600 caput
1155 521 1259 583 inueni

54 619 57 624 ’
144 631 284 704 quattuor
304 624 384 686 milia
404 632 555 687 trecentas
577 622 734 700 nonaginta
756 630 823 684 octo
844 629 963 704 praeter
981 641 1049 685 eum
1071 626 1191 686 modum
1206 625 1260 704 qui

145 732 175 792 in
191 729 344 810 proprium
360 731 482 791 ductum
499 726 666 789 Tiburtium
681 727 848 789 deriuatur:
869 728 1009 808 amptius,
1026 747 1113 807 quam
1129 730 1160 791 in
1175 750 1259 793 com-

145 833 297 898 mentariis
318 841 378 905 est,
400 831 543 910 quinariis
562 831 678 895 duobus
701 833 819 894 milibus
844 833 1021 911 octingentis
1043 835 1287 914 quinquagintas

146 949 270 1021 septem.
309 940 507 1019 erogabantur
521 947 678 1018 antequam
693 941 728 1002 ad
745 938 890 1019 piscinam
907 941 1022 1002 ueniret
1036 941 1187 1018 quinariae
1203 944 1260 1004 du-

145 1055 247 1108 centae
269 1044 420 1124 sexaginta
434 1044 520 1105 duae.
552 1046 657 1107 modus
673 1044 703 1105 iu
722 1043 849 1124 piscina,
866 1045 916 1123 qui
938 1064 992 1125 prr
1007 1065 1164 1109 mensuras
1177 1048 1260 1128 posi-

145 1161 191 1214 tas
205 1151 312 1225 initur,
334 1148 424 1210 edicit
440 1148 641 1226 quinariarum
664 1150 723 1212 cluo
736 1148 816 1211 milia
833 1158 983 1212 trecentas
1006 1152 1155 1230 sexaginta
1172 1155 1258 1218 duas.

144 1255 361 1318 intercidebant
380 1274 451 1333 ergo
472 1255 549 1317 inter
566 1263 697 1336 caputet
718 1256 862 1336 piscinam
877 1255 1028 1332 quinariae
1051 1255 1129 1319 mille
1145 1259 1260 1340 septin-

145 1369 250 1440 gentae
271 1360 456 1441 septuaginta
476 1369 625 1439 quattuor.
673 1361 811 1439 erogabat
838 1369 906 1441 post
934 1361 1080 1440 piscinam
1107 1363 1259 1441 quinarias
1273 1385 1299 1426 ao

145 1465 225 1529 mille
242 1472 391 1527 trecentas
406 1467 599 1545 quadraginta
614 1476 697 1529 octo:
720 1468 861 1548 amptius
878 1487 966 1545 quam
986 1467 1016 1527 in
1037 1470 1259 1532 commentariis

146 1573 349 1653 conceptionis
372 1572 492 1634 modum
519 1574 677 1650 significari
702 1574 843 1645 diximus,
866 1574 1008 1652 quinariis
1034 1574 1184 1656 sexaginta
1204 1595 1260 1639 uo-

146 1700 232 1744 ucm:
255 1680 370 1745 minus,
393 1696 482 1757 quam
505 1678 599 1759 recipi
630 1679 803 1741 inductum
828 1689 896 1760 post
924 1678 1068 1760 piscinam
1094 1682 1258 1760 posuimus,

146 1785 290 1865 quinariis
307 1783 387 1846 mille
402 1785 505 1847 decem
520 1792 668 1863 quattuor.
707 1803 822 1846 summa
837 1804 912 1863 quae
929 1785 1006 1848 inter
1023 1793 1111 1866 caput
1126 1794 1156 1847 et
1170 1787 1260 1868 pisci-

146 1910 214 1954 nam
233 1897 261 1950 et
277 1895 344 1971 post
360 1889 505 1969 piscinam
520 1888 730 1951 intercidebat:
748 1889 898 1965 quinariae
915 1889 1067 1953 duomilia
1087 1893 1258 1972 septingen-
1274 1912 1298 1953 15

147 2005 195 2058 tae
210 1993 358 2072 octoginta
376 2003 459 2067 octo,
475 1997 552 2073 quod
569 2013 669 2056 errore
684 2012 843 2056 mensurae
858 1995 921 2056 deri
939 1996 1123 2075 suspicarer,
1140 1997 1196 2059 nisi
1213 1998 1260 2060 in·

148 2101 298 2178 uenissem
312 2099 363 2162 ubi
378 2109 594 2165 auerterentur.

105 2215 138 2266 67
233 2206 359 2268 Marciae
381 2205 410 2266 in
437 2205 656 2269 commentariis
674 2204 842 2285 adscriptus
863 2215 910 2266 est
931 2207 1035 2268 modus
1058 2209 1259 2286 quinariarum

149 2317 240 2376 duum
255 2311 367 2374 mitium
384 2319 502 2375 centum
518 2312 667 2391 sexaginta
682 2312 817 2372 duarum.
863 2313 899 2372 ad
919 2321 1007 2391 caput
1019 2332 1142 2377 mensus
1156 2317 1260 2378 inueni
1282 2309 1284 2313 ’

147 2420 296 2498 quinarias
321 2425 459 2496 quattuor
480 2420 559 2483 mitia
582 2423 738 2480 sexcentas
756 2417 931 2494 nonaginta:
954 2419 1096 2498 amplius,
1120 2439 1209 2498 quam
1229 2420 1259 2482 in
1273 2441 1300 2480 ao

148 2524 366 2587 commentariis
381 2529 441 2591 est,
457 2520 600 2598 quinariis
615 2521 731 2583 duobus
744 2518 863 2582 milibus
875 2524 1045 2600 quingentis
1062 2526 1164 2604 uiginti
1183 2537 1260 2589 octo.

147 2630 343 2710 erogabantur
361 2637 517 2705 antequam
535 2629 572 2688 ad
588 2628 730 2707 piscinam
748 2628 918 2709 perueniret
935 2630 1085 2706 quinariae
1102 2633 1261 2710 nonaginta

148 2738 293 2815 quinque,
316 2741 344 2795 et
359 2735 504 2797 dabantur
524 2735 553 2796 in
576 2733 754 2794 adiutorium
776 2732 905 2811 Tepulae
928 2734 1079 2811 quinariae
1101 2739 1260 2816 nonaginta

148 2845 240 2913 cicae,
272 2842 343 2902 item
370 2843 401 2901 ia
431 2841 573 2902 Anionem
602 2838 753 2916 quinariae
782 2846 901 2901 centum
936 2841 1087 2920 sexaginta
1108 2821 1260 2921 quattuor.

148 2966 262 3010 summa
276 2963 352 3023 quae
374 2944 551 3022 erogabatur
567 2952 634 3005 ante
655 2944 815 3023 piscinam:
835 2944 986 3020 quinariae
1008 2954 1158 3011 trecentae
1174 2951 1260 3029 quin·
1274 2973 1299 3013 as

148 3051 286 3130 quaginta
304 3068 372 3111 una.
417 3048 523 3109 modus
539 3047 589 3125 qui
607 3047 637 3109 in
656 3047 770 3128 piscina
790 3050 940 3111 mensuris
958 3053 1063 3131 positis
1085 3056 1175 3117 initur
1191 3077 1259 3119 cum

147 3177 182 3218 eo
198 3156 249 3233 qui
271 3155 349 3216 circa
364 3153 508 3234 piscinam
522 3154 630 3217 ductus
647 3155 749 3216 eodem
765 3156 860 3217 canati
876 3156 906 3216 iu
921 3176 1009 3221 arcus
1025 3159 1180 3240 excipitur,
1196 3162 1261 3222 etii-
1310 3213 1314 3218 .

147 3264 185 3324 cit
201 3261 351 3341 quinarias
373 3261 431 3321 duo
453 3259 531 3320 milia
556 3270 719 3340 nongentas
740 3263 932 3340 quadraginta
957 3271 1104 3342 quattuor.
1146 3285 1272 3330 summa

148 3388 224 3448 quae
240 3376 290 3429 aut
305 3374 444 3444 erogatur
458 3373 527 3426 ante
542 3367 685 3446 piscinam
702 3377 752 3430 aut
774 3373 804 3430 iat
825 3388 913 3430 arcus
932 3370 1089 3450 recipitur:
1112 3373 1262 3452 quinaria-

218 3505 230 3555 1
252 3499 385 3553 AnioniC
409 3501 413 3568 Ι
440 3501 583 3552 adscribtus
602 3503 623 3554 G
645 3501 649 3568 Ι
682 3506 698 3553 2
717 3505 960 3570 quadringentarum
979 3508 1011 3567 0,
1033 3524 1078 3561 em.
1095 3507 1259 3574 Seiunctus!

147 3595 323 3659 subrogantur
341 3594 373 3654 0,
397 3609 441 3643 em.
460 3593 586 3643 locandas
616 3592 620 3661 Ι
646 3596 740 3660 adpro
757 3595 826 3647 adG
849 3595 852 3660 Ι
879 3598 1040 3660 quinariisO
1068 3596 1072 3664 Ι
1108 3600 1139 3651 ll
1159 3616 1260 3650 comen-

147 3684 255 3734 tariisO
274 3680 278 3747 Ι
302 3684 334 3734 13
354 3684 488 3734 usei.uam
506 3683 535 3742 O,
559 3699 603 3733 em.
623 3682 761 3736 Setuttzias
784 3685 788 3752 Ι
814 3688 995 3751 1466666666
1010 3689 1043 3752 0,
1062 3705 1106 3740 em.
1126 3690 1259 3754 Ρ616666Ι

149 3775 180 3824 15
198 3775 367 3825 intercedebat
389 3774 409 3824 0
433 3774 438 3838 Ι
463 3775 593 3838 quinariae
617 3779 713 3841 scripsi
734 3779 863 3842 quinarias
885 3778 906 3828 O
928 3778 1099 3841 quinariarum
1120 3783 1143 3831 ΙΙ
1163 3782 1259 3831 milium

146 3866 272 3915 locandas
287 3861 291 3929 Ι
313 3864 345 3915 18
357 3866 515 3931 ascriptusG
531 3864 536 3932 Ι
559 3868 592 3916 24
610 3869 635 3916 in
651 3869 774 3918 Anionem
786 3871 879 3931 scripsi
887 3871 1043 3933 augonemG
1061 3871 1064 3934 Ι
1084 3873 1117 3922 25
1131 3870 1259 3921 Summam

147 3956 185 4021 01
201 3956 234 4008 26
253 3971 359 4020 quomeo
374 3971 423 4017 que
442 3955 494 4018 (nei
508 3956 589 4022 quod)
608 3958 646 4021 01
662 3960 695 4008 27
709 3958 758 4008 ‘ecc
774 3958 863 4009 Poleai
878 3963 1086 4023 interpretatione
1104 3964 1261 4014 scribendum

70 4088 75 4092 .
144 4048 209 4109 fuit:
227 4049 294 4096 circa
316 4047 441 4113 piscinam
457 4047 560 4098 ductus'
580 4050 745 4100 Dedericdircs
769 4051 865 4116 piscine
885 4052 988 4101 ductum
1008 4054 1028 4103 0
1054 4054 1057 4116 Ι
1082 4070 1142 4104 6666
1161 4056 1193 4114 0,
1213 4071 1259 4104 em.

146 4139 255 4187 Poleam
276 4136 280 4202 Ι
304 4138 338 4189 28
357 4137 512 4204 nongentas]
533 4141 673 4205 nonaginta
693 4142 713 4192 θ
734 4137 738 4205 Ι
755 4140 788 4192 29
807 4159 855 4206 666
875 4145 924 4194 sud
944 4145 964 4194 0
983 4141 987 4209 Ι
1011 4145 1036 4193 in
1055 4146 1183 4196 Iocaeadas
1202 4147 1259 4210 qui-

149 4227 234 4279 narias
254 4227 274 4277 0
299 4224 304 4294 Ι
329 4229 435 4293 arcuati,
454 4245 499 4279 eac
516 4231 625 4282 Poteras
