2798 4896
413 275 456 314 DE
475 273 570 322 Aers
595 272 689 315 VRBIS
712 272 821 336 ROMAE}
844 273 939 314 LIBER
962 275 974 312 1

555 539 765 613 LIBER
811 539 832 611 Ι

222 729 264 788 Ab
288 727 361 788 urbe
376 727 493 788 condita
509 747 561 808 per
583 747 676 789 annos
694 729 926 806 quadringentos
948 728 1141 806 quadraginta
1157 749 1248 791 unum
1265 739 1282 786 4

139 833 270 894 contenti
292 833 412 894 luerunt
435 833 557 895 Romani
581 853 638 896 usu
660 853 818 913 aquarum,
846 852 920 911 quas
948 840 999 894 aut
1019 853 1054 894 ex
1077 834 1175 896 Tiberi
1199 845 1249 898 aut

138 959 173 1001 ex
199 940 296 1020 puteis
324 947 374 1000 aut
408 958 443 999 ex
471 938 602 1001 lontibus
629 938 815 1001 hauriebant.
859 939 983 999 lontium
1012 941 1154 1002 memoria
1181 960 1249 1002 cum

139 1047 293 1108 sanctitate
313 1046 409 1106 adbuc
430 1053 508 1106 extat
530 1045 702 1115 etcolitur:
731 1044 932 1106 salubritatem
956 1044 1052 1122 aegris
1075 1047 1249 1126 corporibus

112 1154 243 1214 tallerre
271 1153 446 1222 creduntur,
479 1152 556 1212 sicut
591 1151 783 1212 Camenarum
815 1156 843 1209 et
871 1149 1013 1228 Apollinis
1040 1161 1070 1212 et
1098 1153 1248 1215 luturnae.

139 1278 218 1319 nunc
243 1265 342 1318 autem
363 1258 393 1317 in
415 1256 520 1318 urbem
543 1256 671 1317 intluunt
690 1274 765 1333 aqua
786 1255 891 1334 Appia,
914 1254 986 1314 Anio
1006 1263 1108 1325 uetus,
1131 1257 1248 1325 Marcia,

139 1362 262 1442 Tepula,
299 1362 387 1436 lulla,
421 1362 523 1442 Virgo,
552 1363 696 1422 Alsietina
723 1379 798 1438 quae
829 1360 931 1420 eadem
961 1367 1083 1421 uocatur
1109 1363 1247 1439 Augusta,

139 1469 273 1540 Claudia,
297 1470 369 1531 Anio
391 1487 497 1530 nouus,

223 1573 260 1633 M.
277 1573 393 1635 Valerio
410 1573 533 1636 Maximo
552 1573 584 1632 P.
604 1571 695 1632 Decio
712 1572 794 1633 blure
816 1573 1004 1644 consulibus,
1022 1593 1099 1636 auno
1115 1581 1182 1654 post
1201 1574 1246 1634 in,
1264 1578 1280 1628 5

101 1697 125 1736 ιο
139 1679 222 1741 ilium
248 1678 399 1741 Samnitici
423 1678 492 1739 belli
513 1678 663 1740 tricesimo
686 1698 762 1757 aqua
784 1681 875 1761 Appia
906 1679 935 1739 in
959 1680 1062 1741 urbem
1084 1658 1173 1740 ducta
1202 1686 1248 1740 est

138 1787 176 1845 ab
197 1785 291 1864 Appio
315 1783 435 1846 Claudio
460 1786 567 1847 Crasso
591 1803 730 1852 censore,
753 1786 800 1847 cui
823 1795 925 1867 postea
949 1787 1043 1848 Caeco
1064 1787 1119 1849 luit
1141 1804 1249 1864 cogno-

138 1892 285 1969 menaqui
304 1893 382 1953 uiam
403 1891 526 1971 Appiam
547 1899 669 1967 oporto
693 1893 809 1973 Capena
833 1913 928 1972 usque
945 1876 1096 1955 ad'urbem
1119 1894 1248 1972 Capuam

138 1999 329 2059 muniendam
349 1997 474 2059 curauit.
520 1998 662 2077 collegam
690 1999 793 2060 habuit
823 2000 855 2059 C.
880 2000 1041 2068 Plautium,
1070 1999 1117 2059 cui
1140 1998 1178 2060 ob
1204 1998 1249 2057 in-

138 2103 262 2180 quisitas
291 2103 354 2163 eius
385 2122 479 2180 aquae
506 2123 596 2166 uenas
624 2105 750 2166 Venocis
779 2123 942 2184 cognomen
969 2107 1070 2167 datum
1098 2112 1152 2165 est.
1195 2103 1247 2166 sed

102 2209 207 2285 asquia
228 2208 254 2268 is
276 2208 352 2268 intra
376 2226 485 2269 annum
508 2217 538 2269 et
558 2227 609 2269 sex
628 2229 747 2270 menses
768 2210 911 2291 deceptus
931 2232 947 2272 a
970 2213 1081 2289 collega
1100 2219 1249 2288 tamquam

139 2315 216 2374 idem
231 2314 347 2375 facturo
362 2311 510 2373 abdicauit
532 2333 564 2373 se
583 2335 725 2387 censura,
749 2335 858 2377 nomeu
874 2336 966 2395 aquae
983 2318 1018 2378 ad
1034 2317 1118 2396 Appii
1135 2322 1248 2376 tantum

139 2421 282 2483 honorem
303 2417 459 2500 pertinuit,
480 2418 530 2496 qui
555 2421 655 2481 multis
677 2422 973 2499 tergiuersationibus
999 2423 1159 2483 extraxisse
1181 2440 1250 2481 cen-

124 2528 239 2586 'suram
262 2524 399 2596 traditur,
427 2525 522 2586 donec
545 2534 574 2587 et
597 2527 675 2588 uiam
697 2534 726 2587 et
744 2527 833 2589 huius
856 2528 1089 2605 aquaeductum
1112 2547 1251 2590 consum·

141 2640 241 2692 maret.
288 2631 451 2709 concipitur
466 2632 557 2711 Appia
573 2634 603 2693 iu
625 2651 695 2710 agro
716 2631 879 2694 Lucullano
896 2627 942 2695 uia
964 2633 1153 2695 Praenestina
1174 2632 1251 2691 inter

103 2760 127 2798 aar
140 2736 297 2797 miliarium
320 2738 477 2817 septimum
501 2746 529 2798 et
551 2747 687 2802 octauum
701 2736 885 2798 deuerticulo
905 2737 1095 2799 sinistrorsus
1109 2755 1251 2817 passuum

141 2843 393 2922 septingentorum
416 2845 573 2922 octoginta.
617 2851 724 2910 ductus
746 2845 810 2906 eius
829 2844 917 2904 babet
933 2844 1145 2922 longitudinem
1168 2862 1183 2903 a
1204 2861 1252 2904 ca-

139 2947 199 3028 pite
222 2968 315 3026 usque
345 2950 381 3010 ad
408 2949 537 3022 Salinas,
565 2950 616 3028 qui
642 2951 726 3014 locus
755 2960 800 3012 est
825 2953 861 3014 ad
890 2958 1004 3030 portam
1033 2951 1250 3028 Tergemiuam,

140 3072 282 3132 passuum
314 3055 449 3117 undecim
473 3058 586 3118 milium
616 3067 735 3121 eentum
763 3058 937 3135 nonaginta:
972 3075 1012 3117 ex
1039 3075 1072 3117 eo
1099 3060 1185 3117 riuus
1210 3064 1253 3116 est

209 3241 299 3291 3cum
317 3258 333 3290 u
352 3259 387 3292 ex
403 3260 417 3291 a
435 3245 590 3294 eorreetaG
618 3241 622 3309 Ι
650 3246 868 3296 bCemoenarurn
891 3253 915 3293 et
945 3245 1069 3309 Apollinis
1092 3253 1117 3293 et
1135 3248 1251 3295 Iuturnae

141 3331 305 3382 Dedera'elduc
321 3333 462 3383 caminaras
485 3335 638 3398 (cammarus
660 3335 770 3398 CPol.)
795 3344 819 3384 et
840 3336 987 3401 apollinaris
1008 3338 1170 3385 inscanturne
1194 3333 1252 3398 (can

141 3421 296 3484 obscure)0
316 3422 319 3485 Ι
341 3422 446 3489 6Anio]
468 3440 543 3487 qumn
562 3424 605 3491 ΟΙ
633 3423 800 3490 7Alsietina]
826 3426 909 3475 decem
920 3426 980 3488 fere
991 3429 1130 3478 litterarum
1146 3429 1253 3488 spatium
1279 3438 1301 3476 2·

141 3509 221 3576 ἰηΟΙ
248 3512 388 3562 uuaterius
406 3515 572 3565 maximusO
595 3514 600 3581 Ι
631 3517 662 3568 10
680 3519 806 3567 tricesimo
824 3525 964 3579 praeeunte
979 3517 1080 3584 Sipoaio
1098 3519 1161 3581 fact.
1181 3518 1251 3567 Rom.

139 3615 165 3663 p.
180 3601 214 3652 85
232 3604 326 3664 scripsi
345 3603 466 3653 uicesimo
486 3605 608 3655 CXXXI
628 3607 738 3658 Polenus
762 3605 766 3673 Ι
798 3608 827 3657 ll
848 3610 878 3657 ab
901 3625 947 3661 oua
970 3609 1012 3673 (ΙΙ
1035 3626 1080 3659 cen
1099 3612 1125 3659 ia
1148 3623 1253 3658 censore

141 3692 202 3742 odd.
225 3695 355 3754 posterior
375 3708 461 3743 manus
493 3691 497 3759 Ι
530 3696 609 3745 Caeco
637 3696 775 3760 locandus,
805 3701 888 3749 decem
907 3702 966 3762 fere
987 3703 1126 3749 litterarem
1148 3702 1254 3761 spatium

141 3786 166 3832 ia
181 3783 202 3832 0
220 3782 224 3848 Ι
249 3782 349 3844 Ιῖροεί
363 3799 504 3850 cognomen
521 3787 650 3835 duodecim
664 3788 722 3848 fere
740 3792 879 3839 litterarum
894 3792 1000 3852 spatium
1018 3792 1043 3838 ia
1061 3790 1082 3838 0
1100 3787 1104 3856 Ι
1126 3792 1169 3853 qui
1187 3791 1253 3838 uiam

142 3875 234 3937 scripsi
248 3874 332 3936 quiam
351 3874 371 3922 0
392 3870 396 3938 Ι
421 3872 534 3940 aportat]
558 3883 650 3939 septem
669 3879 810 3928 litterarum
831 3884 937 3942 spatium
958 3880 1024 3930 inG
1049 3880 1053 3944 Ι
1078 3879 1154 3944 usqu’
1179 3896 1194 3928 a
1216 3882 1254 3928 in-

142 3967 255 4028 sequenti
276 3966 358 4015 decem
376 3967 435 4029 fere
448 3970 587 4017 litterarum
604 3968 717 4029 oputioO
735 3964 739 4033 Ι
762 3969 793 4019 13
813 3971 985 4020 muniendaG
1005 3969 1009 4037 Ι
1033 3973 1157 4035 Plautium
1175 3984 1255 4031 prae-

143 4063 213 4104 eunte
226 4053 358 4120 Opsopoeo
371 4057 482 4108 Polenue
495 4060 608 4124 plautum
624 4060 644 4110 O
663 4055 666 4115 Ι
695 4059 726 4109 14
739 4062 842 4110 uenecis
860 4061 904 4123 (ne
919 4060 1036 4123 obscure)
1049 4063 1070 4111 0
1084 4059 1087 4128 Ι
1110 4061 1141 4111 15
1156 4059 1195 4111 his
1214 4061 1235 4111 G
1248 4061 1253 4123 l

144 4145 177 4196 16
196 4147 328 4197 ibidemG
351 4143 355 4210 Ι
384 4150 415 4201 17
432 4146 529 4213 multis]
550 4150 658 4199 ndemtis
680 4151 734 4214 (ael
755 4150 861 4213 ndertis)
885 4153 906 4201 0
924 4149 928 4217 Ι
955 4154 1098 4204 censurae
1119 4154 1123 4219 Ι
1148 4153 1179 4204 18
1196 4167 1255 4202 eon·

144 4245 255 4286 sumeret
272 4237 316 4305 ΟΙ
344 4239 374 4290 to
392 4237 568 4306 luculanoCl
593 4218 768 4306 praenestrina
789 4241 809 4290 0
833 4237 837 4308 Ι
863 4240 897 4292 23
914 4258 945 4292 ex
965 4258 994 4291 eo
1011 4245 1082 4293 ricius
1100 4254 1138 4294 est
1157 4253 1255 4310 supter-

1014 4333 1054 4392 1*
