2798 4896
149 242 191 304 ts
575 264 656 307 mu
677 266 836 308 rnonrrnr

150 412 348 492 corrumpitur
372 422 422 473 aut
455 421 600 474 uetustate
632 423 682 476 arrt
710 415 740 475 ui
762 415 982 496 tempestatium
1005 425 1056 477 aut
1075 416 1166 497 culpa
1186 418 1272 479 male

92 525 137 577 ret
151 517 218 577 lacti
236 517 350 597 operis,
374 519 452 597 qrrod
464 520 581 600 saepius
597 520 703 581 accidit
718 520 748 580 in
763 520 941 582 recentibus.
971 522 1032 583 lere
1046 530 1097 585 aut
1111 532 1271 587 uetustate

150 630 200 683 aut
216 623 245 683 ui
264 629 477 699 tempestatium
496 644 550 685 ene
569 633 668 706 partes
683 626 824 687 ductuum
845 625 1071 705 laborantquae
1084 630 1270 691 arcuationi-

148 729 205 791 bns
220 730 404 792 sustinentur
424 739 473 792 aut
492 734 636 793 montium
655 732 795 793 lateribus
816 731 980 812 adplicatae
1002 742 1086 809 sunt,
1109 743 1196 795 etex
1217 754 1270 796 nr·

148 836 331 897 cuatinnibus
347 855 399 898 eae
415 857 489 916 quiae
512 858 566 919 per
585 841 693 900 llumeu
711 838 892 900 traiciuntur.
932 839 1056 917 ideoque
1077 840 1152 901 baec
1168 859 1264 920 opera
1279 859 1292 897 s

149 941 270 1004 sollicita
300 942 484 1006 testinatione
514 944 684 1024 explicanda
707 954 784 1006 sunt.
829 944 926 1005 minus
957 945 1079 1007 iniuriae
1105 946 1268 1009 subissent

149 1050 337 1111 subterranea
371 1070 426 1111 nec
452 1050 593 1130 gelicidiis
623 1069 678 1110 neo
705 1048 852 1112 caloribus
875 1050 1016 1130 exposita.
1059 1052 1131 1112 uitia
1161 1062 1265 1113 antem

149 1155 293 1217 eiusmodi
321 1165 406 1231 sunt,
437 1165 467 1217 ut
495 1166 544 1217 ant
570 1175 629 1217 non
659 1155 845 1236 interpellato
869 1156 1175 1218 eursu-subneuiatur
1205 1157 1263 1232 eis,

149 1271 199 1324 aut
221 1263 368 1325 emendari
392 1263 448 1324 uisi
464 1282 569 1324 auerso
587 1281 645 1323 nou
665 1262 795 1341 possint,
815 1263 892 1325 sicut
906 1283 940 1325 ea
954 1282 1028 1342 qrrae
1041 1264 1072 1325 in
1093 1263 1159 1343 ipso
1174 1262 1264 1324 alueo

91 1370 212 1435 122beri
239 1389 362 1432 necesse
391 1379 445 1431 est.
490 1369 563 1429 haro
585 1366 694 1446 duplici
723 1387 869 1430 excausa
899 1379 1077 1432 naseuntur:
1106 1378 1157 1430 aut
1178 1369 1303 1429 enimn

148 1475 217 1536 limo
232 1484 451 1548 concrescente,
475 1472 691 1579 quisinterdum
714 1472 745 1533 in
760 1484 888 1537 crustam
905 1476 1076 1548 indurescit,
1099 1474 1155 1535 iter
1166 1492 1263 1552 aquae

148 1591 309 1657 coartatur,
333 1592 384 1643 aut
401 1580 521 1643 tectoria
538 1587 780 1657 corrumpuntur,
803 1581 880 1641 unde
902 1585 976 1643 liunt
996 1580 1181 1642 manationes
1194 1579 1264 1657 qui·

147 1689 202 1750 bus
226 1708 349 1749 necesse
371 1696 416 1748 est
446 1687 536 1747 latera
562 1685 693 1745 riuorum
715 1692 745 1745 et
771 1686 1010 1750 substructiones
1031 1687 1138 1749 uitiari.
1181 1686 1261 1766 pilae

148 1813 264 1873 quoque
291 1795 371 1874 ipsae
403 1794 464 1854 tolo
493 1798 642 1851 extmotae
678 1791 733 1852 sub
770 1799 829 1851 tam
853 1812 961 1872 magno
990 1811 1080 1856 onere
1109 1780 1271 1853 labuntur.¹

147 1898 226 1959 retici
245 1917 320 1976 quae
342 1899 418 1959 circa
443 1897 543 1957 alueos
562 1895 693 1956 riuorum
714 1905 783 1958 sont
799 1906 911 1959 aestate
926 1919 986 1961 non
1006 1899 1129 1972 debent,
1153 1915 1191 1957 ne
1215 1896 1260 1958 in·
1274 1915 1300 1956 1⁵

147 2004 321 2065 termittatur
344 2024 416 2066 risus
439 2009 572 2081 tempore
595 2019 653 2079 quo
681 2003 841 2083 praecipue
872 2004 1076 2080 desideratur,
1112 2010 1158 2065 set
1184 2021 1259 2064 uere

147 2110 194 2172 uel
218 2119 357 2172 autumno
381 2118 410 2170 et
431 2108 555 2169 maxima
577 2127 643 2167 cum
664 2108 867 2185 testinatione,
892 2120 925 2172 ut
945 2111 1059 2173 scilicet
1079 2118 1147 2173 ante
1171 2129 1259 2191 prae·

146 2217 255 2296 paratis
271 2217 407 2279 omnibus
427 2234 514 2295 quam
536 2213 720 2294 paucissimis
737 2215 841 2277 diebus
863 2217 919 2278 riui
938 2224 1064 2278 cessent.
1108 2217 1258 2278 neminem

147 2325 233 2403 sugit,
250 2344 304 2404 per
320 2323 452 2403 singulos
467 2324 573 2384 ductus
588 2321 644 2381 hoc
660 2339 726 2382 esse
741 2323 919 2395 laciendum,
944 2323 1016 2385 nesi
1032 2323 1133 2402 plures
1146 2323 1260 2403 pariter

88 2447 136 2500 123
147 2438 330 2502 aner-tantur,
353 2431 430 2492 desit
450 2447 525 2507 aqua
554 2428 673 2489 ciuitati.
718 2448 752 2490 ea
773 2447 848 2507 qnae
876 2448 934 2490 non
957 2429 1142 2510 interpellato
1162 2434 1299 2508 aqraae'so

146 2555 235 2598 cursu
260 2535 335 2598 effici
361 2535 485 2608 debent,
512 2533 636 2593 maxime
663 2540 811 2596 structura
839 2543 990 2610 constant,
1020 2555 1108 2614 quam
1133 2543 1164 2595 et
1194 2537 1259 2597 suis

144 2643 328 2722 temporibus
351 2650 380 2703 et
395 2639 510 2701 fidelem
534 2637 596 2697 lieri
620 2646 744 2717 oportet.
789 2640 926 2702 idoneum
950 2649 1117 2704 structurae
1139 2648 1258 2720 tempus

145 2757 191 2809 est
216 2768 231 2809 a
257 2749 387 2810 calendis
406 2745 553 2826 Aprilibus
576 2743 606 2803 in
629 2743 766 2835 calendas
789 2747 973 2809 Nouembres
994 2747 1034 2808 ita
1054 2755 1086 2808 ut
1112 2746 1256 2827 optimum

145 2855 183 2917 sit
198 2855 391 2916 intermittere
414 2872 477 2914 eam
492 2860 604 2932 partem
628 2850 748 2911 aestatis
770 2871 845 2929 quae
867 2855 965 2918 nimiis
988 2852 1134 2916 caloribus
1154 2852 1258 2913 incan-

143 2961 245 3032 descit,
264 2959 331 3039 quia
348 2965 579 3039 temperamento
596 2956 667 3016 caeli
684 2976 759 3037 opus
774 2968 827 3031 est,
845 2968 877 3022 ut
893 2968 920 3022 et
935 2963 1086 3022 humorem
1102 2959 1257 3019 commode
1270 2976 1296 3016 ss

144 3071 291 3126 structura
310 3064 448 3126 conbibat
462 3071 492 3123 ct
506 3063 534 3122 iu
557 3063 697 3123 unitatem
715 3067 943 3145 conroboretur;
965 3087 1023 3129 non
1043 3067 1141 3127 minus
1155 3071 1255 3126 autem

144 3172 188 3233 sol
209 3172 305 3233 acrior
324 3190 411 3250 quam
434 3169 540 3249 gelatio
562 3168 705 3248 praecipit
723 3163 885 3235 materiam.
930 3187 986 3236 neo
1001 3173 1093 3235 ullum
1115 3191 1191 3252 opus
1210 3173 1257 3233 di-

143 3279 325 3358 ligentiorem
348 3277 445 3358 poscit
460 3294 560 3336 ruram
579 3295 666 3355 quam
684 3279 761 3356 quod
779 3298 872 3358 aquae
888 3279 1072 3340 obstaturam
1097 3288 1159 3355 est;
1181 3279 1256 3340 fides

215 3500 227 3550 1
247 3500 285 3550 sie
302 3497 511 3561 transponendum
528 3497 599 3546 duxi.
619 3505 662 3545 ant
672 3505 796 3547 uetustate
815 3499 984 3564 corrumpitur
1000 3505 1043 3548 ont
1059 3499 1120 3562 quid
1138 3499 1256 3564 inpoten-

143 3589 178 3640 tia
193 3604 370 3655 possessorum
382 3590 402 3640 0
413 3597 455 3638 out
471 3588 531 3651 quid
544 3596 593 3636 net.
616 3605 636 3635 o.
655 3597 697 3637 aru
716 3589 767 3654 inp.
786 3605 812 3654 p.
831 3589 997 3639 Dedericlrius
1012 3590 1016 3653 Ι
1031 3591 1084 3640 2in
1102 3589 1253 3639 recentibus

144 3681 205 3730 Fere
211 3680 338 3730 Ioeundus
347 3678 509 3729 lreeenrebus
520 3676 603 3727 lereC
616 3675 620 3741 Ι
636 3677 836 3743 3tempestetum
846 3681 907 3730 add.
918 3680 1044 3731 Iucundos
1050 3695 1094 3730 ese
1101 3696 1147 3744 epo
1153 3681 1244 3730 addidi
1249 3681 1253 3744 Ι

142 3773 159 3821 t
174 3771 312 3820 sustinetur
324 3771 345 3820 C
358 3767 363 3835 Ι
378 3768 509 3833 ablpliente
522 3767 542 3817 0
556 3764 559 3832 Ι
574 3767 666 3832 5nqne
680 3769 701 3820 O
713 3769 718 3832 Ι
738 3768 846 3833 Baqune
857 3785 932 3819 cursu
941 3771 1101 3822 Heinriediens
1116 3769 1120 3837 Ι
1135 3772 1255 3824 {lauressa

142 3861 251 3910 Polenus
269 3873 361 3908 auersa
379 3859 400 3908 C
413 3872 588 3921 aquinauersa
606 3862 664 3909 roni
690 3858 878 3921 Dederiebinsl
903 3860 931 3912 ll
950 3863 1015 3912 inter
1034 3862 1055 3913 0
1076 3861 1080 3925 Ι
1107 3860 1138 3912 13
1157 3862 1256 3933 pileqsp

143 3964 178 4023 0,
198 3980 243 4016 em.
264 3962 389 4011 Iurarrnius
414 3960 418 4022 Ι
444 3961 476 4010 14
492 3969 543 4009 toto
568 3962 658 4026 0115
675 3957 762 4013 alueiis
783 3973 842 4014 suut
864 3961 977 4013 r'iuorum
996 3975 1052 4015 ¹cunr
1074 3965 1257 4029 transponendi

141 4056 220 4118 sipnis
234 4055 254 4103 0
267 4054 272 4116 1
290 4054 319 4103 li
329 4048 380 4116 uel]
392 4058 419 4100 ut
432 4052 452 4101 0
465 4051 469 4114 Ι
484 4053 517 4101 24
533 4052 704 4101 intermidtere
721 4054 793 4104 iamG
805 4054 809 4116 l
825 4054 890 4104 eber
904 4034 1035 4105 humorem
1047 4059 1206 4109 Heinriclrins
1222 4073 1254 4106 ex

143 4144 164 4193 C
186 4160 217 4192 ex
237 4143 341 4193 lrrrnrore
365 4144 405 4193 ed.
422 4144 541 4206 princeps
560 4143 565 4207 Ι
584 4143 710 4191 commodi
735 4144 756 4193 0
776 4143 779 4207 Ι
806 4146 840 4194 sd
857 4146 1030 4210 erobetnrOl
1057 4150 1090 4198 27
1106 4149 1196 4198 solatio
1212 4148 1252 4212 ΟΙ

131 4215 246 4282 ¹niraffsm
266 4235 286 4283 0
305 4232 310 4300 Ι
330 4234 363 4283 28
380 4251 443 4299 eque
463 4236 497 4296 0,
517 4251 562 4285 ern.
581 4233 708 4285 [mundns
