<?xml version="1.0" encoding="UTF-8"?>
<!DOCTYPE html PUBLIC "-//W3C//DTD XHTML 1.0 Transitional//EN"
    "http://www.w3.org/TR/xhtml1/DTD/xhtml1-transitional.dtd">
<html xmlns="http://www.w3.org/1999/xhtml" xml:lang="en" lang="en">
 <head>
  <title>
</title>
<meta http-equiv="Content-Type" content="text/html;charset=utf-8" />
  <meta name='ocr-system' content='tesseract 3.04.00' />
  <meta name='ocr-capabilities' content='ocr_page ocr_carea ocr_par ocr_line ocrx_word'/>
</head>
<body>
  <div class='ocr_page' id='page_1' title='image "./iuliifrontinide00bcgoog_0050.png"; bbox 0 0 2834 4890; ppageno 0'>
   <div class='ocr_carea' id='block_1_1' title="bbox 397 240 1243 310">
    <p class='ocr_par' dir='ltr' id='par_1_1' title="bbox 397 240 1243 310">
     <span class='ocr_line' id='line_1_1' title="bbox 397 240 1243 310; baseline 0 -8"><span class='ocrx_word' id='word_1_1' title='bbox 397 263 440 302; x_wconf 76' lang='lat' dir='ltr'>DE</span> <span class='ocrx_word' id='word_1_2' title='bbox 462 261 557 310; x_wconf 80' lang='lat' dir='ltr'>AQVIS</span> <span class='ocrx_word' id='word_1_3' title='bbox 581 259 675 302; x_wconf 78' lang='lat' dir='ltr'>VRBIS</span> <span class='ocrx_word' id='word_1_4' title='bbox 695 260 805 301; x_wconf 74' lang='lat' dir='ltr'>Roman</span> <span class='ocrx_word' id='word_1_5' title='bbox 828 260 923 301; x_wconf 77' lang='lat' dir='ltr'>mann</span> <span class='ocrx_word' id='word_1_6' title='bbox 946 260 971 300; x_wconf 88' lang='lat'>11</span> <span class='ocrx_word' id='word_1_7' title='bbox 1203 240 1243 303; x_wconf 74' lang='lat'>29</span> 
     </span>
    </p>
   </div>
   <div class='ocr_carea' id='block_1_2' title="bbox 82 408 1286 3345">
    <p class='ocr_par' dir='ltr' id='par_1_2' title="bbox 82 408 1286 3345">
     <span class='ocr_line' id='line_1_2' title="bbox 131 408 1245 494; baseline -0.002 -22"><span class='ocrx_word' id='word_1_8' title='bbox 131 413 246 494; x_wconf 88' lang='lat' dir='ltr'>capita,</span> <span class='ocrx_word' id='word_1_9' title='bbox 267 411 342 472; x_wconf 88' lang='lat' dir='ltr'>alius</span> <span class='ocrx_word' id='word_1_10' title='bbox 359 431 415 473; x_wconf 90' lang='lat' dir='ltr'>nec</span> <span class='ocrx_word' id='word_1_11' title='bbox 431 412 535 490; x_wconf 83' lang='lat' dir='ltr'>exiguo</span> <span class='ocrx_word' id='word_1_12' title='bbox 553 411 649 472; x_wconf 89' lang='lat' dir='ltr'>minor</span> <span class='ocrx_word' id='word_1_13' title='bbox 664 410 694 471; x_wconf 93' lang='lat' dir='ltr'>in</span> <span class='ocrx_word' id='word_1_14' title='bbox 710 408 848 489; x_wconf 83' lang='lat' dir='ltr'>piscinis,</span> <span class='ocrx_word' id='word_1_15' title='bbox 869 409 1009 470; x_wconf 87' lang='lat' dir='ltr'>minimus</span> <span class='ocrx_word' id='word_1_16' title='bbox 1024 409 1129 470; x_wconf 91' lang='lat' dir='ltr'>deinde</span> <span class='ocrx_word' id='word_1_17' title='bbox 1144 410 1245 471; x_wconf 88' lang='lat' dir='ltr'>distri-</span> 
     </span>
     <span class='ocr_line' id='line_1_3' title="bbox 130 514 1243 594; baseline -0.002 -15"><span class='ocrx_word' id='word_1_18' title='bbox 130 519 251 579; x_wconf 88' lang='lat' dir='ltr'>butione</span> <span class='ocrx_word' id='word_1_19' title='bbox 272 517 448 579; x_wconf 78' lang='lat' dir='ltr'>continetur.</span> <span class='ocrx_word' id='word_1_20' title='bbox 495 518 580 578; x_wconf 89' lang='lat' dir='ltr'>cuius</span> <span class='ocrx_word' id='word_1_21' title='bbox 597 516 639 576; x_wconf 90' lang='lat' dir='ltr'>rei</span> <span class='ocrx_word' id='word_1_22' title='bbox 662 535 750 577; x_wconf 89' lang='lat' dir='ltr'>causa</span> <span class='ocrx_word' id='word_1_23' title='bbox 772 523 818 576; x_wconf 89' lang='lat' dir='ltr'>est</span> <span class='ocrx_word' id='word_1_24' title='bbox 839 516 920 576; x_wconf 89' lang='lat' dir='ltr'>lraus</span> <span class='ocrx_word' id='word_1_25' title='bbox 942 514 1145 592; x_wconf 79' lang='lat' dir='ltr'>aquariorum,</span> <span class='ocrx_word' id='word_1_26' title='bbox 1167 535 1243 594; x_wconf 90' lang='lat' dir='ltr'>quos</span> 
     </span>
     <span class='ocr_line' id='line_1_4' title="bbox 130 620 1244 703; baseline -0.002 -19"><span class='ocrx_word' id='word_1_27' title='bbox 130 643 222 702; x_wconf 84' lang='lat' dir='ltr'>aquas</span> <span class='ocrx_word' id='word_1_28' title='bbox 242 642 277 684; x_wconf 92' lang='lat' dir='ltr'>ex</span> <span class='ocrx_word' id='word_1_29' title='bbox 292 623 429 684; x_wconf 92' lang='lat' dir='ltr'>ductibus</span> <span class='ocrx_word' id='word_1_30' title='bbox 445 623 573 703; x_wconf 90' lang='lat' dir='ltr'>publicis</span> <span class='ocrx_word' id='word_1_31' title='bbox 589 622 620 683; x_wconf 90' lang='lat' dir='ltr'>in</span> <span class='ocrx_word' id='word_1_32' title='bbox 638 622 821 701; x_wconf 90' lang='lat' dir='ltr'>priuatorum</span> <span class='ocrx_word' id='word_1_33' title='bbox 839 639 912 682; x_wconf 91' lang='lat' dir='ltr'>usus</span> <span class='ocrx_word' id='word_1_34' title='bbox 929 620 1063 682; x_wconf 91' lang='lat' dir='ltr'>deriuare</span> <span class='ocrx_word' id='word_1_35' title='bbox 1079 623 1244 702; x_wconf 88' lang='lat' dir='ltr'>deprehen·</span> 
     </span>
     <span class='ocr_line' id='line_1_5' title="bbox 131 725 1243 808; baseline -0.001 -18"><span class='ocrx_word' id='word_1_36' title='bbox 131 730 240 790; x_wconf 89' lang='lat' dir='ltr'>dimus.</span> <span class='ocrx_word' id='word_1_37' title='bbox 267 730 357 791; x_wconf 83' lang='lat' dir='ltr'>sedet</span> <span class='ocrx_word' id='word_1_38' title='bbox 372 729 504 808; x_wconf 82' lang='lat' dir='ltr'>plerique</span> <span class='ocrx_word' id='word_1_39' title='bbox 521 747 739 808; x_wconf 85' lang='lat' dir='ltr'>possessorum,</span> <span class='ocrx_word' id='word_1_40' title='bbox 759 747 775 788; x_wconf 91' lang='lat' dir='ltr'>e</span> <span class='ocrx_word' id='word_1_41' title='bbox 791 745 917 805; x_wconf 87' lang='lat' dir='ltr'>qnorum</span> <span class='ocrx_word' id='word_1_42' title='bbox 932 725 1011 803; x_wconf 84' lang='lat' dir='ltr'>agris</span> <span class='ocrx_word' id='word_1_43' title='bbox 1027 729 1243 805; x_wconf 88' lang='lat' dir='ltr'>aquacircum-</span> 
     </span>
     <span class='ocr_line' id='line_1_6' title="bbox 104 832 1243 916; baseline -0.002 -19"><span class='ocrx_word' id='word_1_44' title='bbox 104 836 264 904; x_wconf 74' lang='lat' dir='ltr'>sancitur,</span> <span class='ocrx_word' id='word_1_45' title='bbox 301 834 400 911; x_wconf 88' lang='lat' dir='ltr'>[unde]</span> <span class='ocrx_word' id='word_1_46' title='bbox 423 835 532 896; x_wconf 88' lang='lat' dir='ltr'>lormas</span> <span class='ocrx_word' id='word_1_47' title='bbox 561 833 693 896; x_wconf 92' lang='lat' dir='ltr'>riuornm</span> <span class='ocrx_word' id='word_1_48' title='bbox 706 835 883 916; x_wconf 80' lang='lat' dir='ltr'>perforant,</span> <span class='ocrx_word' id='word_1_49' title='bbox 907 832 985 893; x_wconf 90' lang='lat' dir='ltr'>unde</span> <span class='ocrx_word' id='word_1_50' title='bbox 1014 834 1045 892; x_wconf 86' lang='lat' dir='ltr'>tit</span> <span class='ocrx_word' id='word_1_51' title='bbox 1072 841 1106 893; x_wconf 91' lang='lat' dir='ltr'>ut</span> <span class='ocrx_word' id='word_1_52' title='bbox 1134 834 1243 895; x_wconf 88' lang='lat' dir='ltr'>ductus</span> 
     </span>
     <span class='ocr_line' id='line_1_7' title="bbox 130 937 1244 1022; baseline -0.004 -18"><span class='ocrx_word' id='word_1_53' title='bbox 130 941 241 1022; x_wconf 84' lang='lat' dir='ltr'>publici</span> <span class='ocrx_word' id='word_1_54' title='bbox 260 939 429 1001; x_wconf 87' lang='lat' dir='ltr'>bominibus</span> <span class='ocrx_word' id='word_1_55' title='bbox 453 940 577 1018; x_wconf 90' lang='lat' dir='ltr'>priuatis</span> <span class='ocrx_word' id='word_1_56' title='bbox 600 941 648 1001; x_wconf 93' lang='lat' dir='ltr'>uel</span> <span class='ocrx_word' id='word_1_57' title='bbox 664 943 699 1002; x_wconf 92' lang='lat' dir='ltr'>ad</span> <span class='ocrx_word' id='word_1_58' title='bbox 722 942 876 1003; x_wconf 91' lang='lat' dir='ltr'>hortorum</span> <span class='ocrx_word' id='word_1_59' title='bbox 896 955 966 996; x_wconf 82' lang='lat' dir='ltr'>usus</span> <span class='ocrx_word' id='word_1_60' title='bbox 989 937 1095 999; x_wconf 87' lang='lat' dir='ltr'>itinera</span> <span class='ocrx_word' id='word_1_61' title='bbox 1118 957 1244 1018; x_wconf 87' lang='lat' dir='ltr'>snspen-</span> 
     </span>
     <span class='ocr_line' id='line_1_8' title="bbox 130 1044 1286 1126; baseline -0.004 -16"><span class='ocrx_word' id='word_1_62' title='bbox 130 1051 210 1112; x_wconf 89' lang='lat' dir='ltr'>dant.</span> <span class='ocrx_word' id='word_1_63' title='bbox 254 1067 289 1109; x_wconf 90' lang='lat' dir='ltr'>ao</span> <span class='ocrx_word' id='word_1_64' title='bbox 311 1048 347 1107; x_wconf 91' lang='lat' dir='ltr'>de</span> <span class='ocrx_word' id='word_1_65' title='bbox 370 1045 448 1106; x_wconf 90' lang='lat' dir='ltr'>uitiis</span> <span class='ocrx_word' id='word_1_66' title='bbox 470 1044 614 1105; x_wconf 91' lang='lat' dir='ltr'>eiusmodi</span> <span class='ocrx_word' id='word_1_67' title='bbox 635 1064 690 1106; x_wconf 92' lang='lat' dir='ltr'>nec</span> <span class='ocrx_word' id='word_1_68' title='bbox 716 1047 801 1126; x_wconf 90' lang='lat' dir='ltr'>plura</span> <span class='ocrx_word' id='word_1_69' title='bbox 829 1063 883 1105; x_wconf 91' lang='lat' dir='ltr'>nec</span> <span class='ocrx_word' id='word_1_70' title='bbox 901 1045 1008 1106; x_wconf 91' lang='lat' dir='ltr'>melius</span> <span class='ocrx_word' id='word_1_71' title='bbox 1028 1044 1085 1105; x_wconf 86' lang='lat' dir='ltr'>dici</span> <span class='ocrx_word' id='word_1_72' title='bbox 1106 1053 1242 1124; x_wconf 91' lang='lat' dir='ltr'>possunt,</span> <span class='ocrx_word' id='word_1_73' title='bbox 1253 1053 1286 1105; x_wconf 78' lang='lat'>76</span> 
     </span>
     <span class='ocr_line' id='line_1_9' title="bbox 131 1149 1244 1234; baseline -0.004 -17"><span class='ocrx_word' id='word_1_74' title='bbox 131 1175 219 1234; x_wconf 91' lang='lat' dir='ltr'>qnam</span> <span class='ocrx_word' id='word_1_75' title='bbox 234 1175 250 1215; x_wconf 94' lang='lat' dir='ltr'>a</span> <span class='ocrx_word' id='word_1_76' title='bbox 268 1151 365 1214; x_wconf 84' lang='lat' dir='ltr'>Caelio</span> <span class='ocrx_word' id='word_1_77' title='bbox 387 1150 463 1211; x_wconf 89' lang='lat' dir='ltr'>Rulo</span> <span class='ocrx_word' id='word_1_78' title='bbox 479 1150 556 1211; x_wconf 91' lang='lat' dir='ltr'>dicta</span> <span class='ocrx_word' id='word_1_79' title='bbox 572 1160 641 1212; x_wconf 89' lang='lat' dir='ltr'>sunt</span> <span class='ocrx_word' id='word_1_80' title='bbox 661 1151 691 1210; x_wconf 93' lang='lat' dir='ltr'>in</span> <span class='ocrx_word' id='word_1_81' title='bbox 714 1169 748 1211; x_wconf 90' lang='lat' dir='ltr'>ea</span> <span class='ocrx_word' id='word_1_82' title='bbox 764 1149 918 1219; x_wconf 89' lang='lat' dir='ltr'>contione,</span> <span class='ocrx_word' id='word_1_83' title='bbox 940 1150 988 1211; x_wconf 91' lang='lat' dir='ltr'>cui</span> <span class='ocrx_word' id='word_1_84' title='bbox 1011 1150 1114 1212; x_wconf 91' lang='lat' dir='ltr'>titulus</span> <span class='ocrx_word' id='word_1_85' title='bbox 1129 1153 1244 1213; x_wconf 73' lang='lat' dir='ltr'>est0de</span> 
     </span>
     <span class='ocr_line' id='line_1_10' title="bbox 132 1255 1244 1338; baseline -0.001 -18"><span class='ocrx_word' id='word_1_86' title='bbox 132 1260 245 1338; x_wconf 88' lang='lat' dir='ltr'>nquis&#39;.</span> <span class='ocrx_word' id='word_1_87' title='bbox 285 1275 360 1336; x_wconf 89' lang='lat' dir='ltr'>quae</span> <span class='ocrx_word' id='word_1_88' title='bbox 376 1274 456 1317; x_wconf 93' lang='lat' dir='ltr'>nunc</span> <span class='ocrx_word' id='word_1_89' title='bbox 472 1273 525 1317; x_wconf 88' lang='lat' dir='ltr'>nos</span> <span class='ocrx_word' id='word_1_90' title='bbox 542 1256 638 1319; x_wconf 88' lang='lat' dir='ltr'>omnia</span> <span class='ocrx_word' id='word_1_91' title='bbox 654 1256 742 1317; x_wconf 85' lang='lat' dir='ltr'>simili</span> <span class='ocrx_word' id='word_1_92' title='bbox 764 1255 881 1317; x_wconf 92' lang='lat' dir='ltr'>licentia</span> <span class='ocrx_word' id='word_1_93' title='bbox 898 1263 1038 1335; x_wconf 86' lang='lat' dir='ltr'>usurpata</span> <span class='ocrx_word' id='word_1_94' title='bbox 1056 1257 1167 1318; x_wconf 90' lang='lat' dir='ltr'>utinam</span> <span class='ocrx_word' id='word_1_95' title='bbox 1184 1277 1244 1319; x_wconf 93' lang='lat' dir='ltr'>non</span> 
     </span>
     <span class='ocr_line' id='line_1_11' title="bbox 93 1359 1243 1445; baseline 0.003 -23"><span class='ocrx_word' id='word_1_96' title='bbox 93 1382 118 1422; x_wconf 78' lang='lat' dir='ltr'>ro</span> <span class='ocrx_word' id='word_1_97' title='bbox 132 1384 186 1445; x_wconf 90' lang='lat' dir='ltr'>per</span> <span class='ocrx_word' id='word_1_98' title='bbox 210 1364 338 1425; x_wconf 86' lang='lat' dir='ltr'>ollensas</span> <span class='ocrx_word' id='word_1_99' title='bbox 370 1360 585 1440; x_wconf 84' lang='lat' dir='ltr'>probaremus:</span> <span class='ocrx_word' id='word_1_100' title='bbox 617 1360 749 1438; x_wconf 85' lang='lat' dir='ltr'>inriguos</span> <span class='ocrx_word' id='word_1_101' title='bbox 782 1379 888 1439; x_wconf 84' lang='lat' dir='ltr'>agros,</span> <span class='ocrx_word' id='word_1_102' title='bbox 916 1359 1073 1433; x_wconf 78' lang='lat' dir='ltr'>tabernas,</span> <span class='ocrx_word' id='word_1_103' title='bbox 1103 1364 1243 1425; x_wconf 88' lang='lat' dir='ltr'>cenacula</span> 
     </span>
     <span class='ocr_line' id='line_1_12' title="bbox 133 1465 1242 1546; baseline 0.001 -17"><span class='ocrx_word' id='word_1_104' title='bbox 133 1471 239 1543; x_wconf 89' lang='lat' dir='ltr'>etiam,</span> <span class='ocrx_word' id='word_1_105' title='bbox 264 1466 446 1546; x_wconf 72' lang='lat' dir='ltr'>corruptelas</span> <span class='ocrx_word' id='word_1_106' title='bbox 461 1465 586 1543; x_wconf 88' lang='lat' dir='ltr'>denique</span> <span class='ocrx_word' id='word_1_107' title='bbox 601 1484 704 1527; x_wconf 91' lang='lat' dir='ltr'>omnes</span> <span class='ocrx_word' id='word_1_108' title='bbox 720 1466 872 1545; x_wconf 88' lang='lat' dir='ltr'>perpetuis</span> <span class='ocrx_word' id='word_1_109' title='bbox 892 1466 1064 1529; x_wconf 81' lang='lat' dir='ltr'>salientibus</span> <span class='ocrx_word' id='word_1_110' title='bbox 1080 1469 1242 1532; x_wconf 88' lang='lat' dir='ltr'>instructas</span> 
     </span>
     <span class='ocr_line' id='line_1_13' title="bbox 132 1569 1244 1652; baseline -0.002 -16"><span class='ocrx_word' id='word_1_111' title='bbox 132 1576 311 1637; x_wconf 87' lang='lat' dir='ltr'>inuenimus.</span> <span class='ocrx_word' id='word_1_112' title='bbox 343 1590 410 1633; x_wconf 91' lang='lat' dir='ltr'>nam</span> <span class='ocrx_word' id='word_1_113' title='bbox 426 1571 504 1647; x_wconf 89' lang='lat' dir='ltr'>quod</span> <span class='ocrx_word' id='word_1_114' title='bbox 522 1569 603 1631; x_wconf 89' lang='lat' dir='ltr'>lalsis</span> <span class='ocrx_word' id='word_1_115' title='bbox 618 1570 711 1633; x_wconf 89' lang='lat' dir='ltr'>titulis</span> <span class='ocrx_word' id='word_1_116' title='bbox 727 1570 800 1632; x_wconf 89' lang='lat' dir='ltr'>aliae</span> <span class='ocrx_word' id='word_1_117' title='bbox 820 1590 874 1651; x_wconf 91' lang='lat' dir='ltr'>pro</span> <span class='ocrx_word' id='word_1_118' title='bbox 890 1571 954 1632; x_wconf 91' lang='lat' dir='ltr'>aliis</span> <span class='ocrx_word' id='word_1_119' title='bbox 969 1590 1062 1650; x_wconf 89' lang='lat' dir='ltr'>aquae</span> <span class='ocrx_word' id='word_1_120' title='bbox 1079 1574 1244 1652; x_wconf 84' lang='lat' dir='ltr'>erogaban-</span> 
     </span>
     <span class='ocr_line' id='line_1_14' title="bbox 132 1675 1243 1756; baseline -0.001 -15"><span class='ocrx_word' id='word_1_121' title='bbox 132 1689 195 1751; x_wconf 93' lang='lat' dir='ltr'>tur,</span> <span class='ocrx_word' id='word_1_122' title='bbox 218 1680 307 1742; x_wconf 90' lang='lat' dir='ltr'>etiam</span> <span class='ocrx_word' id='word_1_123' title='bbox 322 1686 392 1738; x_wconf 90' lang='lat' dir='ltr'>sunt</span> <span class='ocrx_word' id='word_1_124' title='bbox 411 1675 523 1737; x_wconf 88' lang='lat' dir='ltr'>leuiora</span> <span class='ocrx_word' id='word_1_125' title='bbox 543 1675 650 1736; x_wconf 89' lang='lat' dir='ltr'>ceteris</span> <span class='ocrx_word' id='word_1_126' title='bbox 666 1675 747 1738; x_wconf 88' lang='lat' dir='ltr'>uitia.</span> <span class='ocrx_word' id='word_1_127' title='bbox 788 1676 869 1737; x_wconf 90' lang='lat' dir='ltr'>lnter</span> <span class='ocrx_word' id='word_1_128' title='bbox 884 1695 918 1737; x_wconf 91' lang='lat' dir='ltr'>ea</span> <span class='ocrx_word' id='word_1_129' title='bbox 939 1685 1037 1738; x_wconf 91' lang='lat' dir='ltr'>tamen</span> <span class='ocrx_word' id='word_1_130' title='bbox 1052 1697 1128 1756; x_wconf 89' lang='lat' dir='ltr'>qnae</span> <span class='ocrx_word' id='word_1_131' title='bbox 1143 1698 1243 1740; x_wconf 87' lang='lat' dir='ltr'>emen·</span> 
     </span>
     <span class='ocr_line' id='line_1_15' title="bbox 132 1779 1241 1861; baseline -0.001 -16"><span class='ocrx_word' id='word_1_132' title='bbox 132 1785 280 1846; x_wconf 89' lang='lat' dir='ltr'>dationem</span> <span class='ocrx_word' id='word_1_133' title='bbox 307 1782 483 1845; x_wconf 90' lang='lat' dir='ltr'>uidebantur</span> <span class='ocrx_word' id='word_1_134' title='bbox 503 1779 636 1860; x_wconf 81' lang='lat' dir='ltr'>exigere,</span> <span class='ocrx_word' id='word_1_135' title='bbox 665 1783 879 1844; x_wconf 90' lang='lat' dir='ltr'>numerandum</span> <span class='ocrx_word' id='word_1_136' title='bbox 900 1790 959 1854; x_wconf 89' lang='lat' dir='ltr'>est,</span> <span class='ocrx_word' id='word_1_137' title='bbox 982 1783 1061 1861; x_wconf 90' lang='lat' dir='ltr'>quod</span> <span class='ocrx_word' id='word_1_138' title='bbox 1084 1783 1146 1844; x_wconf 86' lang='lat' dir='ltr'>lere</span> <span class='ocrx_word' id='word_1_139' title='bbox 1164 1785 1241 1845; x_wconf 90' lang='lat' dir='ltr'>circa</span> 
     </span>
     <span class='ocr_line' id='line_1_16' title="bbox 95 1886 1242 1975; baseline 0.001 -26"><span class='ocrx_word' id='word_1_140' title='bbox 95 1897 263 1953; x_wconf 85' lang='lat' dir='ltr'>umentem</span> <span class='ocrx_word' id='word_1_141' title='bbox 284 1889 414 1951; x_wconf 86' lang='lat' dir='ltr'>Caelium</span> <span class='ocrx_word' id='word_1_142' title='bbox 442 1894 471 1946; x_wconf 86' lang='lat' dir='ltr'>et</span> <span class='ocrx_word' id='word_1_143' title='bbox 491 1886 670 1948; x_wconf 83' lang='lat' dir='ltr'>Auentinum</span> <span class='ocrx_word' id='word_1_144' title='bbox 696 1887 812 1948; x_wconf 87' lang='lat' dir='ltr'>accidit.</span> <span class='ocrx_word' id='word_1_145' title='bbox 859 1888 910 1966; x_wconf 85' lang='lat' dir='ltr'>qui</span> <span class='ocrx_word' id='word_1_146' title='bbox 932 1888 1039 1975; x_wconf 80' lang='lat' dir='ltr'>colles,</span> <span class='ocrx_word' id='word_1_147' title='bbox 1069 1889 1242 1968; x_wconf 89' lang='lat' dir='ltr'>priusquam</span> 
     </span>
     <span class='ocr_line' id='line_1_17' title="bbox 134 1992 1242 2075; baseline 0 -19"><span class='ocrx_word' id='word_1_148' title='bbox 134 1995 254 2057; x_wconf 85' lang='lat' dir='ltr'>Claudia</span> <span class='ocrx_word' id='word_1_149' title='bbox 275 1996 504 2074; x_wconf 89' lang='lat' dir='ltr'>perduceretur,</span> <span class='ocrx_word' id='word_1_150' title='bbox 526 1992 684 2055; x_wconf 89' lang='lat' dir='ltr'>utebantur</span> <span class='ocrx_word' id='word_1_151' title='bbox 708 1993 814 2056; x_wconf 89' lang='lat' dir='ltr'>Mareia</span> <span class='ocrx_word' id='word_1_152' title='bbox 837 2002 866 2056; x_wconf 90' lang='lat' dir='ltr'>et</span> <span class='ocrx_word' id='word_1_153' title='bbox 886 1995 969 2057; x_wconf 86' lang='lat' dir='ltr'>lulia.</span> <span class='ocrx_word' id='word_1_154' title='bbox 1013 1996 1066 2057; x_wconf 86' lang='lat' dir='ltr'>sed</span> <span class='ocrx_word' id='word_1_155' title='bbox 1086 2004 1242 2075; x_wconf 85' lang='lat' dir='ltr'>postquam</span> 
     </span>
     <span class='ocr_line' id='line_1_18' title="bbox 133 2100 1244 2182; baseline 0 -21"><span class='ocrx_word' id='word_1_156' title='bbox 133 2101 210 2163; x_wconf 90' lang='lat' dir='ltr'>Nero</span> <span class='ocrx_word' id='word_1_157' title='bbox 232 2100 393 2180; x_wconf 89' lang='lat' dir='ltr'>imperator</span> <span class='ocrx_word' id='word_1_158' title='bbox 410 2100 559 2161; x_wconf 85' lang='lat' dir='ltr'>Claudiam</span> <span class='ocrx_word' id='word_1_159' title='bbox 582 2119 672 2180; x_wconf 89' lang='lat' dir='ltr'>opere</span> <span class='ocrx_word' id='word_1_160' title='bbox 690 2110 810 2163; x_wconf 88' lang='lat' dir='ltr'>arcuato</span> <span class='ocrx_word' id='word_1_161' title='bbox 834 2103 869 2164; x_wconf 92' lang='lat' dir='ltr'>ad</span> <span class='ocrx_word' id='word_1_162' title='bbox 901 2103 991 2182; x_wconf 89' lang='lat' dir='ltr'>Spem</span> <span class='ocrx_word' id='word_1_163' title='bbox 1012 2109 1165 2181; x_wconf 85' lang='lat' dir='ltr'>exceptam</span> <span class='ocrx_word' id='word_1_164' title='bbox 1193 2120 1244 2162; x_wconf 89' lang='lat' dir='ltr'>us·</span> 
     </span>
     <span class='ocr_line' id='line_1_19' title="bbox 132 2203 1242 2286; baseline 0.007 -24"><span class='ocrx_word' id='word_1_165' title='bbox 132 2219 189 2278; x_wconf 88' lang='lat' dir='ltr'>que</span> <span class='ocrx_word' id='word_1_166' title='bbox 217 2203 253 2263; x_wconf 91' lang='lat' dir='ltr'>ad</span> <span class='ocrx_word' id='word_1_167' title='bbox 280 2205 422 2285; x_wconf 87' lang='lat' dir='ltr'>templum</span> <span class='ocrx_word' id='word_1_168' title='bbox 447 2206 508 2266; x_wconf 92' lang='lat' dir='ltr'>diui</span> <span class='ocrx_word' id='word_1_169' title='bbox 531 2205 643 2266; x_wconf 85' lang='lat' dir='ltr'>Claudii</span> <span class='ocrx_word' id='word_1_170' title='bbox 669 2208 820 2286; x_wconf 88' lang='lat' dir='ltr'>perduxit,</span> <span class='ocrx_word' id='word_1_171' title='bbox 853 2219 886 2270; x_wconf 93' lang='lat' dir='ltr'>ut</span> <span class='ocrx_word' id='word_1_172' title='bbox 917 2209 984 2270; x_wconf 91' lang='lat' dir='ltr'>inde</span> <span class='ocrx_word' id='word_1_173' title='bbox 1006 2208 1242 2281; x_wconf 89' lang='lat' dir='ltr'>distribueretur,</span> 
     </span>
     <span class='ocr_line' id='line_1_20' title="bbox 133 2305 1241 2390; baseline 0.011 -25"><span class='ocrx_word' id='word_1_174' title='bbox 133 2305 247 2385; x_wconf 89' lang='lat' dir='ltr'>priores</span> <span class='ocrx_word' id='word_1_175' title='bbox 280 2325 340 2368; x_wconf 93' lang='lat' dir='ltr'>non</span> <span class='ocrx_word' id='word_1_176' title='bbox 369 2310 524 2390; x_wconf 89' lang='lat' dir='ltr'>ampliatae</span> <span class='ocrx_word' id='word_1_177' title='bbox 553 2318 598 2371; x_wconf 93' lang='lat' dir='ltr'>set</span> <span class='ocrx_word' id='word_1_178' title='bbox 629 2311 759 2373; x_wconf 90' lang='lat' dir='ltr'>omissae</span> <span class='ocrx_word' id='word_1_179' title='bbox 786 2322 872 2389; x_wconf 82' lang='lat' dir='ltr'>sunt3</span> <span class='ocrx_word' id='word_1_180' title='bbox 904 2313 983 2375; x_wconf 88' lang='lat' dir='ltr'>nulla</span> <span class='ocrx_word' id='word_1_181' title='bbox 1014 2316 1091 2377; x_wconf 91' lang='lat' dir='ltr'>enim</span> <span class='ocrx_word' id='word_1_182' title='bbox 1123 2315 1241 2377; x_wconf 89' lang='lat' dir='ltr'>castella</span> 
     </span>
     <span class='ocr_line' id='line_1_21' title="bbox 94 2410 1243 2498; baseline 0.004 -22"><span class='ocrx_word' id='word_1_183' title='bbox 94 2438 120 2476; x_wconf 74' lang='lat' dir='ltr'>oo</span> <span class='ocrx_word' id='word_1_184' title='bbox 133 2410 254 2486; x_wconf 89' lang='lat' dir='ltr'>adiecit,</span> <span class='ocrx_word' id='word_1_185' title='bbox 276 2421 323 2473; x_wconf 90' lang='lat' dir='ltr'>set</span> <span class='ocrx_word' id='word_1_186' title='bbox 343 2415 438 2477; x_wconf 90' lang='lat' dir='ltr'>isdem</span> <span class='ocrx_word' id='word_1_187' title='bbox 459 2435 531 2477; x_wconf 92' lang='lat' dir='ltr'>usus</span> <span class='ocrx_word' id='word_1_188' title='bbox 555 2424 614 2489; x_wconf 88' lang='lat' dir='ltr'>est,</span> <span class='ocrx_word' id='word_1_189' title='bbox 637 2435 763 2495; x_wconf 89' lang='lat' dir='ltr'>quorum</span> <span class='ocrx_word' id='word_1_190' title='bbox 780 2420 916 2498; x_wconf 89' lang='lat' dir='ltr'>quamuis</span> <span class='ocrx_word' id='word_1_191' title='bbox 938 2429 1049 2483; x_wconf 88' lang='lat' dir='ltr'>mutata</span> <span class='ocrx_word' id='word_1_192' title='bbox 1064 2439 1139 2498; x_wconf 91' lang='lat' dir='ltr'>aqna</span> <span class='ocrx_word' id='word_1_193' title='bbox 1156 2429 1243 2482; x_wconf 86' lang='lat' dir='ltr'>uetus</span> 
     </span>
     <span class='ocr_line' id='line_1_22' title="bbox 133 2515 422 2596; baseline 0.021 -19"><span class='ocrx_word' id='word_1_194' title='bbox 133 2515 289 2596; x_wconf 88' lang='lat' dir='ltr'>appellatio</span> <span class='ocrx_word' id='word_1_195' title='bbox 304 2523 422 2583; x_wconf 90' lang='lat' dir='ltr'>mansit.</span> 
     </span>
     <span class='ocr_line' id='line_1_23' title="bbox 219 2623 1284 2712; baseline 0.01 -29"><span class='ocrx_word' id='word_1_196' title='bbox 219 2623 297 2684; x_wconf 85' lang='lat' dir='ltr'>Satis</span> <span class='ocrx_word' id='word_1_197' title='bbox 326 2627 384 2688; x_wconf 90' lang='lat' dir='ltr'>iam</span> <span class='ocrx_word' id='word_1_198' title='bbox 417 2628 453 2689; x_wconf 91' lang='lat' dir='ltr'>de</span> <span class='ocrx_word' id='word_1_199' title='bbox 486 2629 572 2690; x_wconf 91' lang='lat' dir='ltr'>modo</span> <span class='ocrx_word' id='word_1_200' title='bbox 603 2630 746 2708; x_wconf 86' lang='lat' dir='ltr'>cuiusque</span> <span class='ocrx_word' id='word_1_201' title='bbox 774 2640 804 2712; x_wconf 85' lang='lat' dir='ltr'>et</span> <span class='ocrx_word' id='word_1_202' title='bbox 832 2632 913 2694; x_wconf 91' lang='lat' dir='ltr'>uelut</span> <span class='ocrx_word' id='word_1_203' title='bbox 942 2652 1020 2695; x_wconf 94' lang='lat' dir='ltr'>noua</span> <span class='ocrx_word' id='word_1_204' title='bbox 1042 2634 1167 2712; x_wconf 89' lang='lat' dir='ltr'>quadam</span> <span class='ocrx_word' id='word_1_205' title='bbox 1190 2632 1284 2694; x_wconf 78' lang='lat' dir='ltr'>ad-77</span> 
     </span>
     <span class='ocr_line' id='line_1_24' title="bbox 82 2727 1244 2817; baseline 0.012 -32"><span class='ocrx_word' id='word_1_206' title='bbox 82 2790 87 2799; x_wconf 59' lang='grc'>,</span> <span class='ocrx_word' id='word_1_207' title='bbox 134 2727 290 2803; x_wconf 87' lang='lat' dir='ltr'>quisitione</span> <span class='ocrx_word' id='word_1_208' title='bbox 317 2749 460 2809; x_wconf 88' lang='lat' dir='ltr'>aquarum</span> <span class='ocrx_word' id='word_1_209' title='bbox 479 2743 514 2794; x_wconf 85' lang='lat' dir='ltr'>et</span> <span class='ocrx_word' id='word_1_210' title='bbox 541 2734 695 2797; x_wconf 76' lang='lat' dir='ltr'>fraudibus</span> <span class='ocrx_word' id='word_1_211' title='bbox 727 2745 756 2797; x_wconf 89' lang='lat' dir='ltr'>et</span> <span class='ocrx_word' id='word_1_212' title='bbox 783 2737 861 2800; x_wconf 90' lang='lat' dir='ltr'>uitiis</span> <span class='ocrx_word' id='word_1_213' title='bbox 885 2758 961 2817; x_wconf 85' lang='lat' dir='ltr'>quae</span> <span class='ocrx_word' id='word_1_214' title='bbox 991 2740 1070 2801; x_wconf 88' lang='lat' dir='ltr'>circa</span> <span class='ocrx_word' id='word_1_215' title='bbox 1101 2758 1134 2799; x_wconf 92' lang='lat' dir='ltr'>ea</span> <span class='ocrx_word' id='word_1_216' title='bbox 1159 2746 1244 2799; x_wconf 90' lang='lat' dir='ltr'>erant</span> 
     </span>
     <span class='ocr_line' id='line_1_25' title="bbox 133 2832 1244 2922; baseline 0.011 -31"><span class='ocrx_word' id='word_1_217' title='bbox 133 2832 244 2893; x_wconf 88' lang='lat' dir='ltr'>dictum</span> <span class='ocrx_word' id='word_1_218' title='bbox 265 2842 320 2894; x_wconf 93' lang='lat' dir='ltr'>est.</span> <span class='ocrx_word' id='word_1_219' title='bbox 364 2847 503 2918; x_wconf 89' lang='lat' dir='ltr'>superest</span> <span class='ocrx_word' id='word_1_220' title='bbox 519 2847 550 2899; x_wconf 89' lang='lat' dir='ltr'>ut</span> <span class='ocrx_word' id='word_1_221' title='bbox 565 2841 778 2917; x_wconf 82' lang='lat' dir='ltr'>erogationem,</span> <span class='ocrx_word' id='word_1_222' title='bbox 801 2862 889 2922; x_wconf 89' lang='lat' dir='ltr'>quam</span> <span class='ocrx_word' id='word_1_223' title='bbox 904 2846 1066 2906; x_wconf 78' lang='lat' dir='ltr'>conlectam</span> <span class='ocrx_word' id='word_1_224' title='bbox 1082 2853 1124 2916; x_wconf 90' lang='lat' dir='ltr'>et,</span> <span class='ocrx_word' id='word_1_225' title='bbox 1146 2851 1178 2905; x_wconf 91' lang='lat' dir='ltr'>ut</span> <span class='ocrx_word' id='word_1_226' title='bbox 1200 2843 1244 2904; x_wconf 89' lang='lat' dir='ltr'>sic</span> 
     </span>
     <span class='ocr_line' id='line_1_26' title="bbox 94 2931 1243 3031; baseline 0.012 -34"><span class='ocrx_word' id='word_1_227' title='bbox 94 2964 120 3002; x_wconf 74' lang='lat'>25</span> <span class='ocrx_word' id='word_1_228' title='bbox 133 2937 245 3009; x_wconf 89' lang='lat' dir='ltr'>dicam,</span> <span class='ocrx_word' id='word_1_229' title='bbox 262 2939 292 2999; x_wconf 92' lang='lat' dir='ltr'>in</span> <span class='ocrx_word' id='word_1_230' title='bbox 307 2960 405 3006; x_wconf 92' lang='lat' dir='ltr'>massa</span> <span class='ocrx_word' id='word_1_231' title='bbox 421 2946 603 3017; x_wconf 88' lang='lat' dir='ltr'>inuenimns,</span> <span class='ocrx_word' id='word_1_232' title='bbox 620 2931 709 3008; x_wconf 87' lang='lat' dir='ltr'>immo</span> <span class='ocrx_word' id='word_1_233' title='bbox 725 2950 813 3010; x_wconf 88' lang='lat' dir='ltr'>etiam</span> <span class='ocrx_word' id='word_1_234' title='bbox 828 2950 911 3012; x_wconf 86' lang='lat' dir='ltr'>lalsis</span> <span class='ocrx_word' id='word_1_235' title='bbox 927 2949 1094 3013; x_wconf 90' lang='lat' dir='ltr'>nominibus</span> <span class='ocrx_word' id='word_1_236' title='bbox 1108 2950 1243 3031; x_wconf 81' lang='lat' dir='ltr'>positam,</span> 
     </span>
     <span class='ocr_line' id='line_1_27' title="bbox 133 3045 1244 3137; baseline 0.014 -36"><span class='ocrx_word' id='word_1_237' title='bbox 133 3060 187 3120; x_wconf 90' lang='lat' dir='ltr'>per</span> <span class='ocrx_word' id='word_1_238' title='bbox 202 3045 319 3107; x_wconf 92' lang='lat' dir='ltr'>nomina</span> <span class='ocrx_word' id='word_1_239' title='bbox 335 3067 493 3127; x_wconf 88' lang='lat' dir='ltr'>aquarum,</span> <span class='ocrx_word' id='word_1_240' title='bbox 515 3051 556 3113; x_wconf 89' lang='lat' dir='ltr'>uti</span> <span class='ocrx_word' id='word_1_241' title='bbox 574 3072 707 3134; x_wconf 88' lang='lat' dir='ltr'>quaeque</span> <span class='ocrx_word' id='word_1_242' title='bbox 725 3074 759 3116; x_wconf 90' lang='lat' dir='ltr'>se</span> <span class='ocrx_word' id='word_1_243' title='bbox 774 3056 878 3129; x_wconf 89' lang='lat' dir='ltr'>habet,</span> <span class='ocrx_word' id='word_1_244' title='bbox 895 3065 923 3118; x_wconf 91' lang='lat' dir='ltr'>et</span> <span class='ocrx_word' id='word_1_245' title='bbox 938 3076 992 3137; x_wconf 91' lang='lat' dir='ltr'>per</span> <span class='ocrx_word' id='word_1_246' title='bbox 1008 3057 1145 3135; x_wconf 84' lang='lat' dir='ltr'>regiones</span> <span class='ocrx_word' id='word_1_247' title='bbox 1161 3055 1244 3117; x_wconf 87' lang='lat' dir='ltr'>urbis</span> 
     </span>
     <span class='ocr_line' id='line_1_28' title="bbox 133 3147 1244 3237; baseline 0.014 -31"><span class='ocrx_word' id='word_1_248' title='bbox 133 3147 310 3225; x_wconf 83' lang='lat' dir='ltr'>digeramus.</span> <span class='ocrx_word' id='word_1_249' title='bbox 356 3156 441 3216; x_wconf 92' lang='lat' dir='ltr'>cuius</span> <span class='ocrx_word' id='word_1_250' title='bbox 472 3159 719 3237; x_wconf 89' lang='lat' dir='ltr'>conprensionem</span> <span class='ocrx_word' id='word_1_251' title='bbox 749 3163 810 3224; x_wconf 89' lang='lat' dir='ltr'>scio</span> <span class='ocrx_word' id='word_1_252' title='bbox 833 3181 892 3222; x_wconf 91' lang='lat' dir='ltr'>non</span> <span class='ocrx_word' id='word_1_253' title='bbox 913 3161 1041 3224; x_wconf 90' lang='lat' dir='ltr'>ieiunam</span> <span class='ocrx_word' id='word_1_254' title='bbox 1060 3168 1175 3223; x_wconf 91' lang='lat' dir='ltr'>tantum</span> <span class='ocrx_word' id='word_1_255' title='bbox 1198 3169 1244 3236; x_wconf 78' lang='lat' dir='ltr'>set</span> 
     </span>
     <span class='ocr_line' id='line_1_29' title="bbox 134 3253 1243 3345; baseline 0.015 -34"><span class='ocrx_word' id='word_1_256' title='bbox 134 3253 220 3316; x_wconf 86' lang='lat' dir='ltr'>etiam</span> <span class='ocrx_word' id='word_1_257' title='bbox 241 3260 410 3337; x_wconf 84' lang='lat' dir='ltr'>perplexam</span> <span class='ocrx_word' id='word_1_258' title='bbox 433 3262 527 3324; x_wconf 90' lang='lat' dir='ltr'>uideri</span> <span class='ocrx_word' id='word_1_259' title='bbox 548 3282 652 3343; x_wconf 91' lang='lat' dir='ltr'>posse,</span> <span class='ocrx_word' id='word_1_260' title='bbox 674 3284 819 3345; x_wconf 89' lang='lat' dir='ltr'>ponemus</span> <span class='ocrx_word' id='word_1_261' title='bbox 837 3274 935 3328; x_wconf 88' lang='lat' dir='ltr'>tamen</span> <span class='ocrx_word' id='word_1_262' title='bbox 950 3286 1037 3345; x_wconf 89' lang='lat' dir='ltr'>quam</span> <span class='ocrx_word' id='word_1_263' title='bbox 1058 3267 1243 3337; x_wconf 87' lang='lat' dir='ltr'>breuissime,</span> 
     </span>
    </p>
   </div>
   <div class='ocr_carea' id='block_1_3' title="bbox 133 3502 1294 4299">
    <p class='ocr_par' dir='ltr' id='par_1_3' title="bbox 133 3502 1294 4299">
     <span class='ocr_line' id='line_1_30' title="bbox 203 3502 1244 3575; baseline 0.01 -24"><span class='ocrx_word' id='word_1_264' title='bbox 203 3502 217 3551; x_wconf 95' lang='lat' dir='ltr'>l</span> <span class='ocrx_word' id='word_1_265' title='bbox 238 3502 347 3566; x_wconf 89' lang='lat' dir='ltr'>denique</span> <span class='ocrx_word' id='word_1_266' title='bbox 364 3507 391 3554; x_wconf 90' lang='lat' dir='ltr'>in</span> <span class='ocrx_word' id='word_1_267' title='bbox 405 3505 547 3558; x_wconf 80' lang='lat' dir='ltr'>Sednltziue</span> <span class='ocrx_word' id='word_1_268' title='bbox 566 3507 571 3572; x_wconf 98' lang='grc' dir='ltr'>Ι</span> <span class='ocrx_word' id='word_1_269' title='bbox 593 3513 612 3561; x_wconf 86' lang='lat'>4</span> <span class='ocrx_word' id='word_1_270' title='bbox 629 3526 643 3559; x_wconf 90' lang='lat' dir='ltr'>e</span> <span class='ocrx_word' id='word_1_271' title='bbox 662 3511 711 3564; x_wconf 88' lang='lat' dir='ltr'>del.</span> <span class='ocrx_word' id='word_1_272' title='bbox 731 3511 897 3562; x_wconf 77' lang='lat' dir='ltr'>Monnmeans</span> <span class='ocrx_word' id='word_1_273' title='bbox 917 3511 1008 3575; x_wconf 82' lang='lat' dir='ltr'>epdem.</span> <span class='ocrx_word' id='word_1_274' title='bbox 1027 3511 1087 3561; x_wconf 75' lang='lat' dir='ltr'>list.</span> <span class='ocrx_word' id='word_1_275' title='bbox 1105 3511 1244 3575; x_wconf 81' lang='lat' dir='ltr'>iuricprnd.</span> 
     </span>
     <span class='ocr_line' id='line_1_31' title="bbox 135 3591 1294 3669; baseline 0.016 -28"><span class='ocrx_word' id='word_1_276' title='bbox 135 3591 162 3640; x_wconf 91' lang='lat' dir='ltr'><em>X</em></span> <span class='ocrx_word' id='word_1_277' title='bbox 166 3593 194 3642; x_wconf 88' lang='lat' dir='ltr'><em>V</em></span> <span class='ocrx_word' id='word_1_278' title='bbox 195 3608 222 3656; x_wconf 84' lang='lat' dir='ltr'>p.</span> <span class='ocrx_word' id='word_1_279' title='bbox 233 3593 284 3644; x_wconf 84' lang='lat'>305</span> <span class='ocrx_word' id='word_1_280' title='bbox 304 3592 309 3658; x_wconf 99' lang='grc' dir='ltr'>Ι</span> <span class='ocrx_word' id='word_1_281' title='bbox 329 3597 523 3648; x_wconf 86' lang='lat' dir='ltr'>circumducitur</span> <span class='ocrx_word' id='word_1_282' title='bbox 541 3603 587 3650; x_wconf 75' lang='lat' dir='ltr'>etiae</span> <span class='ocrx_word' id='word_1_283' title='bbox 604 3616 690 3651; x_wconf 71' lang='lat' dir='ltr'>saniem</span> <span class='ocrx_word' id='word_1_284' title='bbox 705 3601 710 3667; x_wconf 93' lang='grc' dir='ltr'>Ι</span> <span class='ocrx_word' id='word_1_285' title='bbox 725 3604 741 3652; x_wconf 84' lang='grc'><strong>5</strong></span> <span class='ocrx_word' id='word_1_286' title='bbox 754 3604 821 3652; x_wconf 88' lang='lat' dir='ltr'>unde</span> <span class='ocrx_word' id='word_1_287' title='bbox 832 3603 925 3653; x_wconf 69' lang='lat' dir='ltr'>seclusi</span> <span class='ocrx_word' id='word_1_288' title='bbox 940 3602 1047 3652; x_wconf 85' lang='lat' dir='ltr'>subinde</span> <span class='ocrx_word' id='word_1_289' title='bbox 1060 3599 1242 3669; x_wconf 73' lang='lat' dir='ltr'>Dederiedinsl</span> <span class='ocrx_word' id='word_1_290' title='bbox 1292 3653 1294 3659; x_wconf 93' lang='lat'><em>.</em></span> 
     </span>
     <span class='ocr_line' id='line_1_32' title="bbox 133 3683 1245 3758; baseline 0.011 -27"><span class='ocrx_word' id='word_1_291' title='bbox 133 3683 202 3732; x_wconf 86' lang='lat' dir='ltr'>sitnd</span> <span class='ocrx_word' id='word_1_292' title='bbox 220 3683 242 3733; x_wconf 82' lang='grc'><em>0</em></span> <span class='ocrx_word' id='word_1_293' title='bbox 259 3684 263 3747; x_wconf 93' lang='grc' dir='ltr'>Ι</span> <span class='ocrx_word' id='word_1_294' title='bbox 284 3684 302 3735; x_wconf 86' lang='grc'>6</span> <span class='ocrx_word' id='word_1_295' title='bbox 321 3695 432 3736; x_wconf 84' lang='lat' dir='ltr'>ortorum</span> <span class='ocrx_word' id='word_1_296' title='bbox 449 3687 470 3737; x_wconf 83' lang='lat'><em>0</em></span> <span class='ocrx_word' id='word_1_297' title='bbox 491 3685 495 3753; x_wconf 97' lang='grc' dir='ltr'>Ι</span> <span class='ocrx_word' id='word_1_298' title='bbox 516 3704 577 3739; x_wconf 84' lang='lat' dir='ltr'>usus</span> <span class='ocrx_word' id='word_1_299' title='bbox 595 3706 641 3746; x_wconf 89' lang='lat' dir='ltr'>om.</span> <span class='ocrx_word' id='word_1_300' title='bbox 659 3693 685 3743; x_wconf 82' lang='lat'>0.</span> <span class='ocrx_word' id='word_1_301' title='bbox 702 3693 738 3742; x_wconf 84' lang='lat' dir='ltr'>od</span> <span class='ocrx_word' id='word_1_302' title='bbox 753 3693 799 3742; x_wconf 83' lang='lat' dir='ltr'>boe</span> <span class='ocrx_word' id='word_1_303' title='bbox 817 3693 958 3742; x_wconf 82' lang='lat' dir='ltr'>addendum</span> <span class='ocrx_word' id='word_1_304' title='bbox 973 3708 1095 3756; x_wconf 78' lang='lat' dir='ltr'>aqrxemm</span> <span class='ocrx_word' id='word_1_305' title='bbox 1116 3694 1120 3758; x_wconf 93' lang='grc' dir='ltr'>Ι</span> <span class='ocrx_word' id='word_1_306' title='bbox 1144 3694 1161 3744; x_wconf 90' lang='lat'>8</span> <span class='ocrx_word' id='word_1_307' title='bbox 1176 3694 1245 3743; x_wconf 85' lang='lat' dir='ltr'>dictu</span> 
     </span>
     <span class='ocr_line' id='line_1_33' title="bbox 133 3773 1248 3848; baseline 0.012 -26"><span class='ocrx_word' id='word_1_308' title='bbox 133 3773 188 3837; x_wconf 83' lang='lat' dir='ltr'>(uel</span> <span class='ocrx_word' id='word_1_309' title='bbox 201 3773 316 3840; x_wconf 81' lang='lat' dir='ltr'>dieta)0</span> <span class='ocrx_word' id='word_1_310' title='bbox 335 3773 339 3841; x_wconf 88' lang='grc' dir='ltr'>Ι</span> <span class='ocrx_word' id='word_1_311' title='bbox 359 3773 396 3842; x_wconf 88' lang='lat' dir='ltr'>in]</span> <span class='ocrx_word' id='word_1_312' title='bbox 416 3786 443 3826; x_wconf 91' lang='lat' dir='ltr'>ut</span> <span class='ocrx_word' id='word_1_313' title='bbox 461 3777 483 3827; x_wconf 82' lang='grc'><em>0</em></span> <span class='ocrx_word' id='word_1_314' title='bbox 500 3774 505 3845; x_wconf 97' lang='grc' dir='ltr'>Ι</span> <span class='ocrx_word' id='word_1_315' title='bbox 528 3779 557 3830; x_wconf 94' lang='grc'>11</span> <span class='ocrx_word' id='word_1_316' title='bbox 576 3780 770 3848; x_wconf 63' lang='lat' dir='ltr'>lusenciaco!</span> <span class='ocrx_word' id='word_1_317' title='bbox 795 3781 827 3832; x_wconf 80' lang='grc'>13</span> <span class='ocrx_word' id='word_1_318' title='bbox 838 3798 886 3844; x_wconf 89' lang='lat' dir='ltr'>que</span> <span class='ocrx_word' id='word_1_319' title='bbox 903 3790 931 3833; x_wconf 82' lang='lat' dir='ltr'>ut</span> <span class='ocrx_word' id='word_1_320' title='bbox 948 3785 1020 3835; x_wconf 82' lang='lat' dir='ltr'>etiam</span> <span class='ocrx_word' id='word_1_321' title='bbox 1039 3799 1087 3848; x_wconf 91' lang='lat' dir='ltr'>qno</span> <span class='ocrx_word' id='word_1_322' title='bbox 1103 3787 1153 3848; x_wconf 77' lang='lat' dir='ltr'>lepr&#39;</span> <span class='ocrx_word' id='word_1_323' title='bbox 1166 3788 1248 3848; x_wconf 75' lang='lat' dir='ltr'>poenit</span> 
     </span>
     <span class='ocr_line' id='line_1_34' title="bbox 134 3863 1243 3940; baseline 0.009 -28"><span class='ocrx_word' id='word_1_324' title='bbox 134 3863 155 3912; x_wconf 83' lang='lat'><em>0</em></span> <span class='ocrx_word' id='word_1_325' title='bbox 180 3863 185 3927; x_wconf 94' lang='grc' dir='ltr'>Ι</span> <span class='ocrx_word' id='word_1_326' title='bbox 216 3863 247 3915; x_wconf 84' lang='lat'>16</span> <span class='ocrx_word' id='word_1_327' title='bbox 259 3881 361 3929; x_wconf 74' lang='lat' dir='ltr'>moecya</span> <span class='ocrx_word' id='word_1_328' title='bbox 384 3864 388 3931; x_wconf 97' lang='grc' dir='ltr'>Ι</span> <span class='ocrx_word' id='word_1_329' title='bbox 413 3869 445 3918; x_wconf 87' lang='grc'>17</span> <span class='ocrx_word' id='word_1_330' title='bbox 463 3870 496 3918; x_wconf 85' lang='lat' dir='ltr'>ad</span> <span class='ocrx_word' id='word_1_331' title='bbox 515 3868 592 3936; x_wconf 91' lang='lat' dir='ltr'>Spem</span> <span class='ocrx_word' id='word_1_332' title='bbox 609 3876 703 3935; x_wconf 76' lang='lat' dir='ltr'>scripsi</span> <span class='ocrx_word' id='word_1_333' title='bbox 719 3888 794 3922; x_wconf 84' lang='lat' dir='ltr'>oscus</span> <span class='ocrx_word' id='word_1_334' title='bbox 815 3873 922 3923; x_wconf 84' lang='lat' dir='ltr'>Gallius</span> <span class='ocrx_word' id='word_1_335' title='bbox 940 3875 1049 3926; x_wconf 81' lang='lat' dir='ltr'>Poleaue</span> <span class='ocrx_word' id='word_1_336' title='bbox 1064 3875 1068 3938; x_wconf 91' lang='grc' dir='ltr'>Ι</span> <span class='ocrx_word' id='word_1_337' title='bbox 1083 3881 1190 3938; x_wconf 84' lang='lat' dir='ltr'>excepto</span> <span class='ocrx_word' id='word_1_338' title='bbox 1207 3869 1243 3940; x_wconf 76' lang='grc' dir='ltr'>ΟΙ</span> 
     </span>
     <span class='ocr_line' id='line_1_35' title="bbox 135 3953 1245 4031; baseline 0.011 -28"><span class='ocrx_word' id='word_1_339' title='bbox 135 3953 167 4003; x_wconf 91' lang='grc'>18</span> <span class='ocrx_word' id='word_1_340' title='bbox 186 3954 239 4003; x_wconf 88' lang='lat' dir='ltr'>diui</span> <span class='ocrx_word' id='word_1_341' title='bbox 258 3958 298 4006; x_wconf 84' lang='lat' dir='ltr'>uel</span> <span class='ocrx_word' id='word_1_342' title='bbox 315 3956 375 4005; x_wconf 88' lang='lat' dir='ltr'>dina</span> <span class='ocrx_word' id='word_1_343' title='bbox 394 3956 438 4024; x_wconf 81' lang='grc' dir='ltr'>ΟΙ</span> <span class='ocrx_word' id='word_1_344' title='bbox 460 3961 536 4013; x_wconf 83' lang='lat' dir='ltr'>ndG</span> <span class='ocrx_word' id='word_1_345' title='bbox 561 3960 565 4028; x_wconf 96' lang='grc' dir='ltr'>Ι</span> <span class='ocrx_word' id='word_1_346' title='bbox 597 3963 628 4014; x_wconf 87' lang='grc'>19</span> <span class='ocrx_word' id='word_1_347' title='bbox 647 3970 750 4012; x_wconf 62' lang='lat' dir='ltr'>ennea</span> <span class='ocrx_word' id='word_1_348' title='bbox 770 3964 839 4013; x_wconf 84' lang='lat' dir='ltr'>nulle</span> <span class='ocrx_word' id='word_1_349' title='bbox 862 3965 883 4014; x_wconf 83' lang='lat'><em>0</em></span> <span class='ocrx_word' id='word_1_350' title='bbox 908 3962 912 4031; x_wconf 96' lang='grc' dir='ltr'>Ι</span> <span class='ocrx_word' id='word_1_351' title='bbox 942 3967 976 4016; x_wconf 84' lang='lat'>22</span> <span class='ocrx_word' id='word_1_352' title='bbox 999 3974 1024 4016; x_wconf 86' lang='lat' dir='ltr'>et</span> <span class='ocrx_word' id='word_1_353' title='bbox 1042 3981 1089 4017; x_wconf 85' lang='lat' dir='ltr'>om.</span> <span class='ocrx_word' id='word_1_354' title='bbox 1115 3967 1135 4016; x_wconf 80' lang='lat'><em>0</em></span> <span class='ocrx_word' id='word_1_355' title='bbox 1162 3966 1245 4015; x_wconf 86' lang='lat' dir='ltr'>cnius-</span> 
     </span>
     <span class='ocr_line' id='line_1_36' title="bbox 134 4046 1245 4122; baseline 0.012 -29"><span class='ocrx_word' id='word_1_356' title='bbox 134 4060 183 4107; x_wconf 90' lang='lat' dir='ltr'>que</span> <span class='ocrx_word' id='word_1_357' title='bbox 204 4061 286 4109; x_wconf 83' lang='lat' dir='ltr'>aquae</span> <span class='ocrx_word' id='word_1_358' title='bbox 303 4055 327 4096; x_wconf 86' lang='lat' dir='ltr'>et</span> <span class='ocrx_word' id='word_1_359' title='bbox 348 4046 485 4099; x_wconf 76' lang='lat' dir='ltr'>Selouztue</span> <span class='ocrx_word' id='word_1_360' title='bbox 505 4050 510 4114; x_wconf 96' lang='grc' dir='ltr'>Ι</span> <span class='ocrx_word' id='word_1_361' title='bbox 531 4051 565 4102; x_wconf 79' lang='grc'>’23</span> <span class='ocrx_word' id='word_1_362' title='bbox 583 4066 689 4116; x_wconf 86' lang='lat' dir='ltr'>quarum</span> <span class='ocrx_word' id='word_1_363' title='bbox 709 4054 730 4103; x_wconf 82' lang='lat'><em>0</em></span> <span class='ocrx_word' id='word_1_364' title='bbox 752 4053 756 4117; x_wconf 98' lang='grc' dir='ltr'>Ι</span> <span class='ocrx_word' id='word_1_365' title='bbox 781 4070 825 4105; x_wconf 82' lang='lat' dir='ltr'>eas</span> <span class='ocrx_word' id='word_1_366' title='bbox 842 4058 898 4111; x_wconf 84' lang='lat' dir='ltr'>eod.</span> <span class='ocrx_word' id='word_1_367' title='bbox 927 4057 990 4110; x_wconf 85' lang='lat' dir='ltr'>Vrb.</span> <span class='ocrx_word' id='word_1_368' title='bbox 1018 4053 1022 4122; x_wconf 97' lang='grc' dir='ltr'>Ι</span> <span class='ocrx_word' id='word_1_369' title='bbox 1046 4057 1081 4107; x_wconf 76' lang='lat' dir='ltr'>el</span> <span class='ocrx_word' id='word_1_370' title='bbox 1099 4056 1133 4105; x_wconf 92' lang='lat' dir='ltr'>ud</span> <span class='ocrx_word' id='word_1_371' title='bbox 1150 4057 1189 4105; x_wconf 84' lang='lat' dir='ltr'>sie-</span> <span class='ocrx_word' id='word_1_372' title='bbox 1206 4055 1245 4121; x_wconf 74' lang='lat' dir='ltr'>Ol</span> 
     </span>
     <span class='ocr_line' id='line_1_37' title="bbox 134 4135 1247 4210; baseline 0.013 -27"><span class='ocrx_word' id='word_1_373' title='bbox 134 4135 167 4184; x_wconf 76' lang='lat'>25</span> <span class='ocrx_word' id='word_1_374' title='bbox 185 4151 271 4185; x_wconf 75' lang='lat' dir='ltr'>arraona</span> <span class='ocrx_word' id='word_1_375' title='bbox 286 4139 381 4200; x_wconf 84' lang='lat' dir='ltr'>eeripri</span> <span class='ocrx_word' id='word_1_376' title='bbox 400 4155 510 4190; x_wconf 74' lang='lat' dir='ltr'>inensam</span> <span class='ocrx_word' id='word_1_377' title='bbox 527 4143 548 4193; x_wconf 85' lang='lat'><em>0</em></span> <span class='ocrx_word' id='word_1_378' title='bbox 564 4142 703 4192; x_wconf 81' lang='lat' dir='ltr'>confertam</span> <span class='ocrx_word' id='word_1_379' title='bbox 722 4153 749 4194; x_wconf 90' lang='lat' dir='ltr'>ut</span> <span class='ocrx_word' id='word_1_380' title='bbox 763 4173 797 4181; x_wconf 94' lang='lat'>—-</span> <span class='ocrx_word' id='word_1_381' title='bbox 815 4160 925 4194; x_wconf 85' lang='lat' dir='ltr'>massam</span> <span class='ocrx_word' id='word_1_382' title='bbox 942 4145 1082 4197; x_wconf 78' lang='lat' dir='ltr'>Selrultziue</span> <span class='ocrx_word' id='word_1_383' title='bbox 1109 4155 1247 4210; x_wconf 81' lang='lat' dir='ltr'>praeeunte</span> 
     </span>
     <span class='ocr_line' id='line_1_38' title="bbox 135 4224 1248 4299; baseline 0.016 -26"><span class='ocrx_word' id='word_1_384' title='bbox 135 4224 245 4276; x_wconf 84' lang='lat' dir='ltr'>Ioeundo</span> <span class='ocrx_word' id='word_1_385' title='bbox 266 4225 269 4292; x_wconf 96' lang='grc' dir='ltr'>Ι</span> <span class='ocrx_word' id='word_1_386' title='bbox 290 4231 375 4293; x_wconf 83' lang='lat' dir='ltr'>posita</span> <span class='ocrx_word' id='word_1_387' title='bbox 399 4231 420 4279; x_wconf 84' lang='lat'><em>0</em></span> <span class='ocrx_word' id='word_1_388' title='bbox 443 4227 448 4296; x_wconf 96' lang='grc' dir='ltr'>Ι</span> <span class='ocrx_word' id='word_1_389' title='bbox 475 4231 671 4299; x_wconf 79' lang='lat' dir='ltr'>27eonprensio</span> <span class='ocrx_word' id='word_1_390' title='bbox 697 4237 782 4285; x_wconf 86' lang='lat' dir='ltr'>neseio</span> <span class='ocrx_word' id='word_1_391' title='bbox 804 4237 825 4287; x_wconf 79' lang='lat' dir='ltr'><em>O</em></span> <span class='ocrx_word' id='word_1_392' title='bbox 846 4235 850 4298; x_wconf 95' lang='grc' dir='ltr'>Ι</span> <span class='ocrx_word' id='word_1_393' title='bbox 875 4237 978 4286; x_wconf 87' lang='lat' dir='ltr'>leonum</span> <span class='ocrx_word' id='word_1_394' title='bbox 1003 4237 1035 4298; x_wconf 82' lang='lat'>0,</span> <span class='ocrx_word' id='word_1_395' title='bbox 1054 4254 1099 4289; x_wconf 82' lang='lat' dir='ltr'>em.</span> <span class='ocrx_word' id='word_1_396' title='bbox 1120 4239 1248 4291; x_wconf 81' lang='lat' dir='ltr'>Ioenndne</span> 
     </span>
    </p>
   </div>
   <div class='ocr_carea' id='block_1_4' title="bbox 0 0 1422 4890">
    <p class='ocr_par' dir='ltr' id='par_1_4' title="bbox 0 0 1422 4890">
     <span class='ocr_line' id='line_1_39' title="bbox 0 0 1422 4890; baseline 0 0"><span class='ocrx_word' id='word_1_397' title='bbox 0 0 1422 4890; x_wconf 95' lang='lat' dir='ltr'> </span> 
     </span>
    </p>
   </div>
  </div>
 </body>
</html>
