2798 4896
407 278 449 318 on
473 276 569 326 auum
592 277 686 318 varus
711 276 820 317 nonan
842 276 938 317 nunna
961 276 986 316 11
1209 255 1249 316 25

141 446 208 489 rum
223 428 279 488 tria
294 426 372 487 mitia
388 427 532 488 ducentae
544 428 706 505 nonaginta
722 426 868 504 quinque:
884 425 1018 504 amplius,
1036 443 1124 504 quam
1139 426 1168 486 in
1182 443 1252 487 con-

143 534 236 614 ceptis
251 531 529 593 commentariorum
540 532 671 611 positum
681 538 735 602 est,
750 532 891 609 quinariis
904 529 984 592 mille
999 537 1117 592 centum
1132 530 1251 609 triginta
1328 586 1345 618 ·.

141 639 252 699 trihus:
275 637 381 707 minus,
404 656 492 715 qnam
514 654 671 699 mensurae
687 637 723 697 ad
739 646 827 717 caput
844 646 927 699 actae
944 637 1084 708 efficiunt,
1108 637 1251 715 quinariis

143 744 221 805 miiie
239 743 381 805 trecentis
397 744 555 823 nonaginta
570 743 710 821 quinque.
754 743 894 821 erogabat
908 753 977 824 post
991 744 1134 825 piscinam
1148 744 1252 822 quina·

104 865 115 903 ⁵
143 851 202 911 rias
217 849 296 910 mille
311 849 496 926 octingentas
510 849 721 926 quadraginta:
743 848 857 919 minus,
877 868 966 927 quam
987 851 1017 910 in
1033 850 1251 912 commentariis

142 955 343 1035 conceptionis
360 956 478 1016 modum
499 954 658 1033 significari
672 954 814 1027 diximus,
837 955 979 1033 quinariis
994 957 1129 1018 ducentis
1148 956 1252 1034 uiginti

143 1069 273 1141 septem:
296 1060 410 1130 minus,
432 1078 520 1138 quam
539 1079 574 1121 ex
587 1061 701 1141 piscina
717 1061 747 1122 in
764 1080 851 1122 arcus
866 1061 1062 1141 recipiuntur,
1080 1063 1171 1140 [sunt]
1187 1062 1250 1140 qui-

142 1166 233 1228 nariis
249 1163 328 1225 mille
344 1172 461 1225 centum
469 1173 617 1242 quattuor.
647 1185 761 1228 summa
774 1175 983 1246 utraquequae
1001 1168 1252 1230 intercidebataut

142 1273 221 1333 inter
237 1278 326 1351 caput
345 1278 374 1331 et
389 1270 533 1349 piscinam
549 1280 600 1333 aut.
615 1281 683 1352 post
698 1273 857 1353 piscinam:
881 1276 1081 1352 quinariarum
1098 1274 1251 1336 duomilia

105 1397 129 1438 io
144 1376 195 1452 m,
216 1374 292 1456 quas
320 1376 398 1437 sicut
418 1374 449 1435 iu
468 1377 573 1437 ceteris
591 1378 726 1457 pluribus
747 1379 820 1440 locis
837 1379 972 1460 intercipi
994 1379 1252 1460 deprehendimus.

143 1501 201 1544 non
218 1481 295 1543 enim
307 1499 359 1542 eas
375 1498 493 1540 cessare
509 1483 696 1546 manifestum
711 1493 756 1545 est
771 1493 800 1546 et
815 1504 849 1546 ex
866 1486 922 1546 hoc
940 1487 997 1562 [eo]
1013 1486 1091 1563 quod
1108 1486 1152 1544 ud
1164 1492 1253 1564 eaput

142 1594 332 1668 praeteream
343 1605 522 1660 mensuram,
540 1608 627 1667 quam
642 1590 893 1670 conprehendisse
910 1609 964 1651 nos
976 1591 1251 1672 capacitateductus

142 1697 311 1775 posuimus,
330 1696 522 1758 effunduntur
538 1696 666 1775 amplius
681 1704 829 1757 trecentae
846 1696 1007 1773 quinariae.

229 1802 357 1882 Tepulae
380 1804 409 1863 in
438 1801 655 1864 commentariis
673 1800 841 1880 adscriptus
857 1811 902 1863 est
923 1804 1028 1864 modus
1052 1803 1296 1881 quinariarumce

105 1929 129 1968 15
143 1909 435 1988 quadringentarum.
463 1909 550 1969 huius
565 1925 658 1985 aquae
677 1907 773 1967 sontes
790 1908 862 1969 nudi
877 1917 961 1986 sunt;
977 1910 1062 1971 uenis
1076 1909 1253 1987 quibusdam

143 2013 308 2086 constabat,
331 2033 406 2093 quae
422 2015 601 2094 interceptae
617 2018 687 2072 sunt
709 2012 737 2072 in
753 2012 834 2074 Iulia.
879 2024 968 2095 caput
988 2033 1058 2093 ergo
1073 2013 1137 2073 eius
1151 2010 1255 2072 obser·

144 2123 273 2184 nandum
289 2130 334 2184 est
351 2141 365 2182 a
379 2119 493 2200 piscina
509 2118 608 2180 Iuliae.
648 2138 684 2180 ex
698 2138 732 2180 ea
747 2121 825 2180 enim
838 2121 966 2200 primum
983 2118 1089 2197 accipit
1104 2116 1253 2194 quinarias

144 2235 262 2290 centum
290 2226 464 2305 nonaginta,
488 2225 593 2286 deinde
618 2226 717 2287 statim
739 2243 773 2285 ex
795 2225 901 2287 Marcia
921 2225 1071 2304 quinarius
1096 2221 1254 2299 nonaginta

143 2335 232 2404 duas,
255 2341 407 2414 praeterea
422 2351 457 2392 ex
473 2330 583 2391 Anione
603 2351 682 2393 nouo
701 2333 736 2394 ad
752 2333 854 2393 hortos
869 2329 1135 2411 Epaphroditianos
1151 2326 1255 2406 quina-

105 2461 130 2501 ao
143 2441 202 2502 rias
222 2448 341 2502 centum
364 2440 511 2518 sexaginta
533 2446 604 2500 tres.
653 2439 727 2498 siunt
741 2455 845 2497 omnes
860 2434 1010 2513 quinariae
1025 2436 1254 2516 quadringentae

143 2547 502 2625 quadragintaquinque:
526 2545 667 2624 amplius,
689 2562 778 2622 quam
802 2542 832 2602 in
854 2545 1088 2615 commentariis,
1112 2541 1255 2621 quinariis

143 2654 491 2732 quadragintaquinque,
515 2651 634 2729 quaein
650 2649 822 2728 erogatione
840 2657 1010 2731 conparent.

229 2759 318 2820 indiae
334 2760 363 2821 iu
380 2755 597 2820 commentariis
614 2756 780 2834 adscriptus
793 2760 839 2814 est
854 2753 959 2815 modus
973 2755 1171 2833 quinariarum
1189 2771 1255 2813 sex·
1263 2760 1297 2814 69

144 2875 296 2928 cantarum
311 2865 503 2944 quadraginta
521 2883 636 2925 nouem.
681 2862 717 2924 ad
734 2868 822 2940 caput
838 2879 976 2921 mensura
992 2861 1058 2920 iniri
1076 2879 1135 2921 non
1151 2860 1254 2939 potuit,

108 2972 283 3050 aequoniam
304 2989 339 3031 en
360 2969 494 3050 pluribus
517 2967 764 3048 adquisitiouibus
780 2972 913 3039 constat,
942 2973 987 3026 set
1013 2969 1057 3026 ad
1076 2966 1193 3028 vsentum
1218 2967 1256 3027 ah

143 3076 217 3139 urbe
245 3077 401 3138 miliarium
426 3073 564 3135 uniuersa
585 3075 614 3134 in
636 3074 780 3154 piscinam
807 3070 963 3152 recipitur,
988 3072 1037 3133 ubi
1067 3073 1172 3134 modus
1192 3073 1256 3133 eius

144 3181 308 3245 manifestis
325 3181 474 3243 mensuris
496 3181 586 3241 efficit
601 3180 751 3260 quinarias
773 3178 852 3241 mille
870 3179 1014 3240 ducentas
1031 3199 1096 3240 sex:
1119 3178 1256 3258 amplius,

144 3307 231 3366 quam
249 3289 278 3348 in
294 3288 529 3358 commentariis,
553 3287 696 3365 quinariis
712 3283 881 3365 quingentis
896 3285 1107 3364 quinquaginta
1132 3293 1255 3368 septem.

216 3524 355 3575 lducente
376 3526 397 3576 0
420 3524 425 3592 Ι
457 3528 473 3576 2
495 3526 663 3590 quinariasG
691 3524 695 3590 Ι
726 3525 741 3575 5
766 3524 910 3589 octingenta
934 3523 954 3573 G
988 3519 993 3588 Ι
1031 3522 1170 3573 ssmudum
1194 3524 1256 3580 add.

143 3616 282 3666 Sehzdtziua
309 3613 313 3681 Ι
350 3617 472 3681 quinariis
490 3616 630 3667 Sedadtzins
652 3624 711 3666 sunt
740 3614 854 3678 quinaria
878 3614 900 3664 0
920 3609 924 3676 Ι
953 3612 1061 3678 8utraq
1081 3614 1124 3677 οΙ
1150 3616 1257 3664 interce-

144 3708 259 3769 debatG,
276 3725 321 3761 em.
340 3717 482 3772 praeeunte
494 3708 604 3759 Ioeundo
616 3708 727 3756 Polenus
747 3705 751 3768 Ι
771 3705 911 3757 aionieru
928 3701 932 3768 Ι
954 3701 985 3754 10
997 3703 1257 3755 ccccuxxxxvm

143 3801 256 3849 Polenuo
271 3800 410 3865 quingente
427 3799 447 3849 0
466 3795 471 3861 Ι
491 3799 688 3864 depreendimus
706 3797 727 3846 0
745 3796 749 3858 Ι
772 3795 799 3845 11
819 3809 862 3842 eos
879 3794 900 3844 C
918 3794 922 3857 Ι
944 3808 973 3841 eo
994 3794 1043 3844 del.
1063 3795 1172 3845 Polenue
1190 3804 1258 3845 etex

144 3889 193 3939 hoc
210 3897 235 3938 et
259 3884 290 3938 eri
310 3904 339 3939 eo
359 3889 426 3952 quod
442 3888 582 3939 Senonum
608 3889 612 3952 Ι
644 3889 677 3938 ad
699 3894 774 3952 caput
798 3884 907 3933 Pozenos
926 3892 1001 3949 caput
1025 3887 1046 3937 G
1076 3903 1093 3935 e·
1113 3887 1195 3952 eapite
1216 3885 1256 3936 ed.

144 3980 293 4030 Florentiae
313 3976 317 4044 Ι
340 3979 371 4028 12
391 3987 532 4044 praetorum
547 3979 568 4028 0
585 3977 589 4044 Ι
610 3977 789 4044 conprecdisse
800 3974 838 4041 ΟΙ
858 3976 889 4026 14
900 3975 1060 4042 Tepulne’O
1079 3974 1083 4042 Ι
1107 3975 1137 4026 15
1149 3976 1258 4039 quadra-

145 4073 273 4138 gintorum
285 4066 322 4135 ΟΙ
339 4070 372 4121 16
382 4069 471 4119 sith
489 4068 493 4130 Ι
516 4067 549 4119 lu
568 4076 668 4134 pretera
687 4068 708 4119 0
726 4064 730 4132 Ι
749 4068 783 4117 20
798 4074 899 4115 contum
918 4067 940 4117 0
957 4063 961 4131 Ι
982 4067 1016 4115 22
1029 4075 1258 4132 quemerogaturnu

145 4165 178 4222 C,
194 4177 239 4211 ena.
261 4163 369 4212 Poleuue
389 4158 393 4227 Ι
415 4158 448 4210 23
469 4158 562 4208 lutiae’
580 4159 623 4227 01
643 4161 767 4210 ascrihtus
784 4160 806 4210 0
823 4155 827 4224 Ι
849 4159 881 4207 24
898 4166 957 4223 eput
974 4157 994 4207 0
1014 4155 1017 4220 Ι
1043 4157 1076 4206 25
1093 4165 1131 4207 set
1142 4186 1185 4206 ...
1199 4173 1257 4207 sex-

144 4262 198 4303 tum
216 4256 236 4303 C
250 4253 281 4302 ad
298 4253 359 4303 add.
379 4251 514 4302 Ioeuardaaa.
533 4250 635 4300 uidetur
649 4247 804 4300 sorbendum
818 4248 851 4299 ad
865 4248 1000 4313 septimum
1015 4245 1020 4314 Ι
1035 4248 1069 4299 28
1085 4247 1198 4312 quinatis
1214 4249 1236 4299 G
