2798 4896
186 248 205 311 8
560 297 562 301 .
611 267 692 306 rvnu
714 265 872 306 raourrur

185 417 315 498 dilapsos
338 416 466 477 restituit
484 425 513 476 et
528 414 668 492 singulari
689 434 759 476 cura
782 414 974 495 conpluribus
991 414 1165 477 salientibus
1190 413 1298 491 [aquis]

187 521 327 584 instruxit
348 521 462 583 urbem.

148 637 179 688 tn
273 626 353 688 ldem
375 645 442 687 cum
463 627 521 688 iam
543 628 629 688 tertio
651 626 755 687 consul
777 625 897 699 luisset,
927 626 958 686 C.
983 626 1084 687 Sentio
1109 626 1141 697 Q.
1162 625 1301 686 Lucretio

188 731 377 803 consulibus,
403 738 470 811 post
491 749 602 792 annum
624 730 744 791 tertium
768 731 915 795 decimum
938 752 1026 810 quam
1050 732 1151 793 luliam
1175 732 1301 791 deduxe-

187 845 246 906 rat,
273 835 423 913 Virginem
444 853 562 913 quoque
585 835 616 895 in
637 852 708 913 agro
731 833 895 898 Lucullano
918 838 1069 903 collectam
1092 837 1214 898 Romam
1235 852 1327 916 per-⁵

188 941 279 1003 duxit.
321 941 384 1001 dies
416 959 474 1018 qno
502 939 628 1018 primurn
660 940 690 1000 in
719 940 822 1001 urbem
852 943 1053 1021 responderit,
1086 941 1206 1020 quintus
1236 940 1302 1000 idus

188 1045 286 1109 lunias
307 1045 468 1106 inuenitur.
501 1044 588 1121 Virgo
612 1045 758 1125 appellata
780 1056 842 1118 est,
866 1048 944 1126 quod
961 1046 1175 1126 quaerentibus
1196 1064 1301 1124 aquam

188 1150 330 1214 militibus
347 1149 521 1228 uirguucula
548 1167 640 1210 uenas
662 1151 805 1227 quasdam
822 1153 1015 1229 monstrauit,
1040 1172 1114 1231 quas
1138 1154 1230 1214 secuti
1252 1153 1301 1229 qui

188 1258 338 1328 foderant,
360 1256 510 1333 ingentem
528 1271 620 1331 aquae
642 1256 760 1317 modum
783 1256 971 1319 inuenerunt.
1003 1259 1134 1320 aedicula
1158 1260 1230 1320 lonti
1253 1260 1304 1319 nd-

190 1362 285 1444 posita
305 1364 381 1424 hanc
403 1360 546 1438 originem
564 1359 678 1438 pictura
698 1363 836 1422 ostendit.
877 1363 1041 1443 concipitur
1064 1364 1151 1442 Virgo
1173 1365 1220 1426 uia
1238 1365 1302 1426 Col·
1317 1381 1341 1420 ro

188 1470 257 1531 latia
278 1469 314 1530 ad
336 1467 653 1529 miliarium‘octauum
678 1467 860 1546 palustribus
882 1467 954 1528 locis
977 1468 1091 1547 signino
1114 1470 1303 1532 circumiecto

190 1573 433 1636 continendarum
452 1570 680 1648 scaturriginum
705 1590 803 1632 causa.
848 1574 1004 1636 adiuuatur
1026 1576 1217 1655 conpluribus
1239 1576 1302 1636 aliis

189 1677 446 1757 adquisitionibus.
491 1677 573 1738 uenit
594 1695 648 1756 per
675 1677 889 1755 longitudinem
918 1699 1060 1759 passuum
1089 1682 1192 1741 decem
1219 1688 1304 1758 quat-

189 1794 257 1848 tuor
279 1783 390 1845 milium
418 1790 535 1844 centum
560 1783 705 1860 quinque:
733 1803 767 1844 ex
792 1803 826 1844 eo
853 1786 918 1845 riuo
946 1785 1139 1848 subterraneo
1162 1806 1303 1867 passuum

192 1893 295 1953 decem
311 1892 400 1952 duum
418 1884 784 1966 mitium'octingenrorum
800 1891 949 1968 sexaginta
966 1891 1114 1968 quinque,
1138 1912 1226 1972 supra
1244 1901 1303 1952 ter·
1318 1901 1342 1940 ¹⁵

191 2016 255 2058 ram
276 2015 330 2077 per
353 2013 460 2076 passus
483 1996 563 2056 mille
580 1996 724 2057 ducentos
748 1997 955 2075 qrradraginta:
978 2015 1013 2057 ex
1034 2016 1068 2058 eo
1084 1984 1304 2060 substructione

191 2082 325 2164 riuorum
348 2101 421 2161 locis
450 2101 643 2180 conpluribus
671 2120 814 2180 passuum
843 2103 1072 2182 quingentorum
1101 2104 1303 2181 quadraginta,

192 2227 281 2288 opere
311 2217 431 2272 arcuato
459 2230 600 2290 passuum
629 2211 895 2291 septingentorum.
939 2208 1168 2286 acquisitionum
1199 2212 1305 2271 ductus

191 2313 248 2375 riui
266 2314 450 2377 subterranei
464 2317 597 2378 efficiunt
612 2336 719 2397 passus
734 2317 813 2378 mille
828 2317 1057 2394 quadringentos
1073 2312 1214 2394 quinque.

12 2498 18 2510 ὓ
72 2466 74 2472 .
152 2422 181 2472 lt
257 2418 359 2488 Quae
380 2422 455 2483 ratio
472 2423 598 2484 mouerit
618 2425 798 2500 Angustum,
820 2421 1112 2501 prouidentissimum
1129 2421 1302 2500 principem,
1318 2432 1343 2472 20

191 2527 374 2606 perducendi
395 2527 565 2590 Alsietinam
588 2547 707 2606 aquam,
732 2545 807 2605 quae
833 2534 955 2588 uocatur
978 2530 1121 2604 Augusta,
1149 2544 1208 2587 uon
1233 2527 1305 2586 satis

192 2631 355 2712 perspicio,
379 2633 490 2694 nullius
513 2635 638 2711 gratiae,
663 2635 752 2696 immo
775 2634 862 2695 etiam
883 2652 986 2713 parurn
1011 2631 1158 2693 salubrem
1182 2631 1305 2708 ideoque

193 2758 338 2817 nusquam
354 2740 382 2800 in
400 2759 472 2802 usus
489 2741 591 2821 populi
603 2742 759 2816 fluentem;
777 2741 833 2801 nisi
848 2742 924 2802 lorte
938 2757 1004 2799 cunr
1026 2756 1101 2818 opus
1114 2724 1304 2798 naumachiae

191 2846 418 2923 adgrederetur,
434 2850 477 2906 'ne
499 2847 569 2924 quid
591 2844 805 2907 salubrioribus
826 2846 910 2922 aquis
934 2845 1116 2912 detraheret,
1140 2842 1216 2905 banc
1237 2862 1306 2921 pro-

191 2950 256 3031 prio
271 2969 359 3030 opere
375 2951 528 3030 perducxit
543 2958 573 3011 et
587 2952 664 3028 quod
681 2949 873 3011 naumachiae
890 2957 1029 3028 coeperat
1044 2965 1217 3027 superesse,
1237 2949 1306 3008 hor·
1319 2961 1344 2998 2⁵

193 3056 231 3117 tis
246 3056 448 3119 adiacentibus
478 3064 505 3117 et
531 3041 714 3136 priuatorum
739 3053 843 3115 usibus
869 3054 904 3114 ad
929 3053 1116 3131 inrigandum
1147 3053 1305 3113 concessit.

193 3162 269 3225 solet
288 3170 385 3224 tamen
411 3181 446 3222 ex
465 3160 549 3223 eain
573 3159 793 3221 Transtiberina
819 3157 955 3237 regione,
977 3158 1113 3236 quotiens
1136 3167 1242 3236 pontes
1260 3177 1307 3217 re-

192 3267 331 3329 ficiuntur
351 3275 380 3328 et
400 3288 416 3330 a
437 3267 573 3330 citeriore
591 3266 655 3345 ripa
678 3283 770 3342 aquae
789 3271 921 3333 cessant,
945 3282 981 3323 ex
994 3265 1170 3324 necessitate
1190 3265 1220 3324 in
1237 3265 1307 3325 sub-

193 3373 301 3435 sidium
326 3374 512 3452 publicorum
525 3372 692 3434 salientium
715 3369 787 3430 dari.
833 3353 997 3447 concipitur
1021 3387 1056 3427 ex
1077 3369 1143 3430 lacu
1166 3370 1307 3431 Alsietino

192 3481 239 3541 uia
267 3480 385 3541 Claudia
407 3478 532 3540 miliario
559 3473 802 3555 quartodecimo
828 3473 1012 3535 deuerticulo
1039 3476 1212 3538 dextrorsus
1238 3492 1345 3556 pas-ao

263 3688 275 3738 l
294 3689 367 3752 aquis
382 3686 493 3749 spurium
509 3683 629 3733 indicauit
647 3683 806 3735 Keucdenr'us
824 3699 827 3755 Ι
855 3683 871 3735 3
887 3683 916 3743 Q.
933 3683 994 3734 add.
1016 3686 1124 3735 Polenuc
1146 3685 1151 3748 Ι
1177 3685 1192 3736 6
1208 3687 1251 3745 dle
1268 3685 1305 3746 Ul

193 3780 218 3828 in
231 3779 292 3828 urbe
304 3779 411 3828 Poleour
423 3776 427 3840 1
447 3774 606 3840 responderit
620 3783 764 3838 corruptum
773 3777 873 3825 uidetur
891 3775 895 3838 Ι
915 3776 1002 3839 quinto
1020 3777 1041 3827 θ
1056 3775 1061 3840 l
1077 3775 1258 3825 9uocaueruut
1270 3776 1305 3836 Gt

193 3867 307 3934 abposita
325 3869 346 3917 0
367 3866 371 3930 Ι
396 3866 429 3917 10
445 3868 571 3933 uirginem
588 3865 738 3928 locandus}
765 3879 826 3931 ergo
842 3866 874 3926 0,
894 3882 938 3915 em.
957 3865 1097 3916 Schultzr'ua
1119 3865 1123 3929 Ι
1150 3865 1180 3915 ll
1200 3866 1305 3914 circnm-

193 3959 258 4008 leotn
275 3959 306 4019 G,
335 3974 378 4007 em.
397 3957 523 4007 locandus
554 3954 558 4023 Ι
592 3955 623 4006 13
642 3946 866 4007 ᾱεοέ”ῐῐιί1ἰῡ”ᾱιιιι
887 3973 938 4005 enin
964 3959 1146 4020 transponendi
1166 3959 1244 4021 signis
1262 3957 1305 4015 (ΙΙ

193 4047 226 4098 18
243 4049 336 4111 aquis.
348 4049 444 4097 tionum
462 4047 500 4110 Ol
521 4047 553 4099 lll
571 4047 728 4096 subterranei
740 4047 767 4097 C.
783 4047 897 4110 fortusse
919 4048 982 4096 riuis
1002 4046 1169 4096 subterraneis
1192 4046 1196 4110 l
1218 4046 1306 4095 etau-

192 4137 307 4203 greditur
326 4134 364 4202 ΟΙ
385 4139 548 4187 detraeret'G
570 4137 573 4199 l
595 4139 627 4188 25
644 4137 760 4202 perducit
779 4137 799 4186 0
820 4137 824 4198 Ι
845 4138 878 4185 27
893 4136 1079 4199 transtyberina
1095 4137 1116 4186 0
1136 4134 1140 4199 Ι
1161 4137 1194 4186 29
1213 4138 1307 4187 alsien·

191 4227 244 4276 tino
257 4225 278 4275 G
294 4224 298 4288 Ι
317 4224 351 4276 30
362 4237 450 4289 quarto
464 4228 485 4278 G
498 4234 537 4276 eet
545 4232 623 4290 super
632 4228 802 4289 reportentur
815 4242 902 4276 manue
914 4226 938 4273 in
955 4225 1055 4275 litterae
1066 4226 1170 4288 scripsit
1179 4234 1206 4278 ut
1219 4229 1306 4292 quinto
