2798 4896
140 240 181 303 26
564 258 643 299 sunu
665 258 821 300 recursui

139 416 292 490 praeterea
306 408 413 490 accipit
427 425 519 488 prope
536 407 640 468 urbem
663 415 729 488 post
743 407 845 470 hortos
861 407 1058 471 Pallantianos
1076 428 1112 470 ex
1130 409 1256 473 Claudia

139 514 289 593 quinarias
307 521 426 575 centnm
451 514 600 591 sexaginta
623 514 707 574 duas.
753 521 799 573 est
824 532 911 575 ornne
935 515 1025 575 Iuliae
1050 517 1080 577 in
1101 517 1255 596 acceptis:

140 619 290 699 quinariae
312 618 391 680 uiiiie
411 604 561 680 trecentae
583 618 734 696 sexaginta
757 626 835 679 octo.
882 638 918 680 ex
938 639 973 681 eo
989 620 1038 682 dat
1058 623 1088 683 in
1107 623 1254 702 Tepulam

140 726 288 804 quinarias
311 732 430 785 centurn
445 724 620 802 nonaginta,
643 732 745 801 erogat
769 743 822 785 suo
844 726 962 786 nomine
978 728 1161 805 octingentas
1179 734 1261 788 tren·

141 834 215 894 iiunt
237 850 311 911 quas
332 837 433 908 erogat
452 829 602 906 quinariae
630 836 796 906 nongentae
826 833 985 910 nonaginta
1009 841 1085 894 tres:
1113 831 1280 912 ampliusa

139 956 228 1016 quam
243 937 274 997 in
290 935 507 998 commentariis
524 935 626 1006 habet,
643 935 785 1013 quinariis
801 938 940 1000 trecentis
958 938 1150 1017 quadraginta
1166 944 1255 1015 quat·

140 1053 223 1105 tuor:
250 1041 364 1112 minus,
387 1058 475 1117 quam
490 1040 520 1101 in
542 1041 656 1120 piscina
671 1042 781 1103 habere
797 1044 964 1122 posuimus,
988 1043 1126 1105 ducentis
1146 1044 1253 1103 decern

140 1148 251 1219 tribua
273 1164 348 1223 quas
367 1147 448 1226 ipsas
463 1155 535 1226 aput
550 1165 616 1217 eos,
639 1150 688 1227 qni
710 1151 773 1210 sine
794 1149 949 1210 beneticiis
964 1149 1108 1230 principis
1125 1168 1255 1231 usurpa-

140 1253 225 1322 bant,
241 1252 499 1331 deprehendimus.

98 1358 132 1410 70
226 1358 335 1436 Virgini
365 1358 396 1418 in
418 1361 634 1422 commentariis
658 1363 824 1443 adscriptus
846 1369 892 1421 est
922 1361 1028 1422 modus
1049 1359 1252 1438 quinariarum
1267 1379 1291 1418 ro

140 1472 345 1525 sexcentarum
359 1464 570 1543 qninquaginta
585 1467 720 1529 duarnrn.
757 1468 846 1529 huius
861 1486 1032 1530 mensuram
1048 1467 1083 1528 ad
1102 1474 1191 1546 caput
1206 1468 1254 1528 in·

141 1571 242 1632 uenire
260 1588 319 1632 non
341 1569 438 1649 potui,
462 1570 600 1648 quoniam
621 1590 656 1632 er
676 1574 811 1653 pluribus
829 1572 1075 1652 adquisitionibus
1090 1580 1207 1636 constat
1223 1583 1254 1635 et

140 1673 234 1735 lenior
253 1674 348 1734 riuom
373 1675 471 1735 intrat.
520 1693 613 1755 prope
635 1678 739 1740 urbem
755 1686 852 1741 tamen
868 1680 902 1739 ad
919 1677 1076 1741 miliarium
1092 1681 1252 1759 septimum

140 1778 171 1839 in
184 1796 255 1856 agro
270 1779 320 1857 qui
335 1797 414 1839 nunc
430 1787 476 1840 est
484 1780 593 1841 Ceionii
602 1781 762 1853 Commodi,
773 1785 823 1846 ubi
830 1784 1006 1846 uelociorern
1022 1787 1116 1859 †sam
1130 1803 1252 1847 cursum

140 1884 244 1954 habet,
267 1902 436 1947 mensuram
454 1887 500 1964 egi
517 1903 592 1963 quae
611 1887 702 1948 eiticit
716 1889 916 1965 quinariarurn
932 1890 990 1950 duo
1013 1890 1092 1951 milia
1105 1891 1253 1969 quingen·
1267 1908 1290 1948 ra

140 1997 186 2050 tas
207 1996 359 2067 quattuor:
391 1992 529 2071 amplius,
559 2009 647 2069 quarn
677 1995 707 2054 in
741 1995 975 2066 commentariis,
1003 1993 1145 2072 quinariis
1170 1994 1252 2056 miiie

140 2096 317 2174 octingentis
335 2094 545 2182 quinquaginta
561 2097 684 2161 duabus.
729 2099 901 2179 adprobatio
917 2107 1017 2160 nostra
1032 2098 1250 2177 expeditissima

139 2210 202 2277 est;
224 2211 326 2281 erogat
349 2200 429 2261 enirn
454 2219 557 2261 omues
572 2220 647 2279 quas
668 2220 807 2266 mensura
828 2204 1055 2284 dependimus,
1076 2201 1104 2264 id
1125 2210 1172 2264 est
1192 2205 1252 2266 duo

139 2309 219 2371 inilia
240 2310 417 2387 quingentas
433 2313 579 2384 quattuor.
1144 2383 1148 2389 ῃ

98 2424 128 2476 71
225 2415 381 2477 Alsietinae
397 2413 599 2492 conceptionis
614 2418 720 2478 modus
736 2435 792 2479 nec
807 2417 836 2477 io
849 2413 1066 2477 commentariis
1082 2413 1251 2494 adscriptus
1266 2435 1292 2476 eo

142 2531 187 2582 cst
205 2540 259 2582 nec
274 2520 305 2580 in
320 2538 352 2580 re
370 2526 527 2598 praesente
545 2528 644 2582 certus
664 2520 790 2583 inueniri
810 2522 922 2603 potuit,
945 2542 1012 2583 cum
1028 2539 1064 2580 ex
1078 2519 1143 2580 iaco
1158 2519 1253 2580 disie-

140 2627 203 2688 tioo
231 2634 261 2686 et
283 2625 390 2686 deinde
421 2624 499 2686 circa
524 2627 642 2688 Careias
675 2647 710 2688 ex
736 2628 874 2689 Sabatino
898 2625 947 2662 **
973 2635 1115 2705 qnantum
1140 2624 1252 2701 aquarii

140 2738 386 2811 temperaueront
438 2731 578 2792 Alsietina
609 2741 710 2811 erogat
738 2733 888 2811 quinarias
909 2739 1057 2793 trecentas
1092 2730 1255 2808 nonaginta*

141 2839 224 2901 duas.

98 2951 131 3000 72
227 2945 345 3006 Claudia
368 2943 562 3006 abundantior
592 2944 656 3005 aliis
678 2944 802 3006 niaxime
825 2946 948 3006 iniuriae
968 2944 1099 3024 exposita
1121 2951 1175 3007 est.
1219 2943 1250 3003 in
1266 2957 1291 2998 aa

141 3050 358 3111 commentariis
378 3049 466 3110 habet
487 3067 546 3109 non
563 3050 631 3130 pius
645 3049 787 3126 quinariis
802 3050 919 3113 duobus
940 3050 1059 3112 milibus
1075 3049 1251 3127 octingentis

140 3155 352 3233 quinquaginta
367 3155 513 3233 quinque,
536 3174 603 3216 cum
618 3158 654 3218 ad
670 3165 758 3238 caput
772 3157 938 3218 inuenerint
952 3155 1152 3236 quinariarum
1167 3162 1253 3232 qnat-

209 3333 223 3382 1
243 3332 335 3398 accipit
353 3334 446 3395 scripsi
464 3333 595 3400 accepitC
613 3327 618 3398 Ι
642 3329 658 3381 6
679 3329 807 3397 quinarias
826 3339 950 3380 trecentas
970 3331 1003 3390 0,
1024 3346 1068 3382 cor.
1088 3327 1227 3377 Scbrcltaius
1246 3328 1250 3391 Ι

139 3421 253 3475 ihabre
278 3424 439 3488 posumusC
466 3421 470 3486 Ι
504 3421 732 3488 iidepreensirnus
755 3416 799 3485 ΟΙ
824 3419 855 3469 10
869 3420 982 3485 Uirginis
1007 3420 1039 3482 0,
1067 3433 1112 3468 cm.
1138 3418 1178 3467 cd.
1198 3416 1251 3465 Ar-

136 3516 322 3580 gentoratensis
343 3511 346 3578 Ι
373 3513 496 3562 ascribtirs
517 3513 537 3562 0
559 3509 563 3576 Ι
592 3511 621 3561 ll
640 3510 716 3559 huius
736 3512 829 3572 scripsi
850 3509 971 3558 minusC
993 3506 996 3574 Ι
1024 3509 1056 3558 12
1072 3511 1143 3574 potui
1160 3511 1253 3572 scripsi

138 3605 220 3670 potnit
236 3600 274 3670 ΟΙ
292 3601 323 3652 13
343 3603 431 3666 ie'nyor
448 3603 469 3653 0
488 3599 492 3668 Ι
513 3603 595 3651 riuorn
609 3603 703 3663 scripsi
720 3602 775 3650 rino
793 3601 815 3650 0
832 3597 836 3666 Ι
861 3599 996 3648 miliarium
1011 3601 1044 3649 iii
1060 3598 1157 3664 (uelit)
1174 3615 1250 3662 prop.

139 3696 249 3744 Poienus
269 3690 273 3757 Ι
299 3693 331 3743 14
349 3693 439 3756 celony
458 3691 509 3758 (uel
530 3690 635 3756 celonij)
654 3693 688 3755 (i,
709 3709 752 3742 ero.
771 3691 891 3743 Pitdocus
915 3688 919 3755 Ι
944 3705 999 3741 sam
1017 3689 1171 3743 OKelicrm.
1196 3690 1251 3738 sani

139 3786 244 3846 oroi,
265 3799 311 3837 oar.
331 3786 387 3837 cod.
410 3769 473 3837 Vri.
498 3801 559 3834 sane
574 3784 683 3834 Poleour
705 3801 753 3850 quo
776 3799 825 3834 aon
843 3782 1001 3845 probabilius
1025 3782 1074 3830 iam
1098 3781 1226 3829 coniceres
1244 3778 1248 3841 Ι

141 3877 174 3928 to
188 3874 348 3925 MDCCCLH.
374 3875 530 3940 Adprobstio
547 3890 600 3924 com
617 3873 742 3925 Schultzio
762 3875 856 3937 scripsi
871 3873 1054 3938 quinquaginta
1071 3868 1109 3920 ..¹
1106 3899 1251 3920 .........

139 3968 212 4017 nibus
235 3967 286 4030 (rect
304 3964 390 4030 nibus)
408 3965 554 4029 abprobatio
573 3965 593 4015 G
609 3965 731 4014 Omnibus
750 3965 897 4030 approbatio
913 3965 953 4013 ed.
973 3965 1118 4013 Florentino
1140 3958 1144 4025 Ι
1168 3962 1202 4010 20
1215 3961 1251 4009 ai·

139 4049 253 4108 siet'inae
273 4056 437 4122 Conceptioni
460 4056 481 4106 0
505 4051 509 4120 Ι
536 4051 678 4120 adscriptus
695 4056 715 4104 O
734 4051 738 4120 Ι
758 4056 790 4105 21
810 4055 960 4120 aisyentyno
977 4057 996 4106 O
1016 4052 1020 4120 Ι
1041 4055 1074 4102 22
1093 4053 1191 4102 abatino
1207 4051 1228 4100 G
1245 4039 1249 4103 Ι

138 4150 280 4199 addendum
295 4156 433 4210 praeeunte
451 4145 577 4197 Schultzio
595 4154 692 4196 tantum
712 4145 818 4212 accipiat
838 4142 842 4209 Ι
866 4145 901 4196 23
917 4145 1082 4210 AisyetinaC
1100 4142 1103 4209 Ι
1125 4144 1158 4194 25
1178 4143 1251 4194 Cian-

140 4241 198 4290 diae
217 4241 250 4300 θ,
269 4255 314 4290 eru.
331 4241 372 4293 ed.
390 4238 613 4304 Argentoratensis
