2798 4896
167 242 208 307 48
593 259 675 305 mnu
695 260 852 306 rnouruu

167 415 289 486 debent,
321 421 371 476 aut
398 413 539 475 aediliciis
565 422 616 475 aut
647 412 805 476 arboribus
835 426 990 496 occupant.
1036 414 1157 479 arbores
1185 414 1280 497 magis

168 530 292 596 nocent,
321 539 444 600 quarum
476 520 625 583 radicibus
657 523 926 585 concamerationes
949 529 978 584 et
998 521 1090 585 latera
1111 523 1278 597 solpuntur.

168 627 236 689 dein
260 625 400 689 uicinales
424 628 487 688 uias
510 635 699 706 agrestesque
719 646 773 708 per
801 628 881 708 ipsas
904 629 1013 689 lormas
1034 628 1180 708 derigunt.
1224 648 1280 689 no-

169 732 290 794 uissime
311 733 406 794 aditus
426 733 461 793 ad
486 732 606 794 tutelam
628 732 829 813 praecludunt.
874 753 949 813 quae
969 734 1067 797 omnia
1090 735 1120 795 S.
1144 735 1175 797 0.
1198 736 1277 814 quod

110 837 280 904 litsubieci
307 837 427 918 prouisa
456 850 534 898 suut.
580 839 684 909 ‘Quod
712 840 747 909 Q.
770 839 869 901 delius
891 840 1007 902 Tubero
1035 838 1145 901 Paulus
1170 839 1304 902 Fabinss
1334 869 1338 920 ᾗ

168 941 309 1004 Maximus
325 962 385 1004 cos.
403 943 434 1003 V.
449 943 481 1003 F.
503 961 660 1021 aquarum,
684 945 804 1024 quaein
821 943 923 1006 urbem
937 943 1087 1020 uenirent,
1108 945 1212 1008 itinera
1228 965 1279 1007 oc-

167 1049 269 1130 cupari
284 1048 482 1110 monumentis
500 1057 529 1109 et
549 1049 688 1111 aediliciis
709 1059 738 1111 et
760 1049 915 1112 arboribus
931 1051 1060 1121 conseri,
1085 1052 1120 1123 Q.
1139 1052 1171 1112 F.
1188 1053 1219 1113 P.
1243 1053 1280 1116 b.

168 1156 201 1217 E.
217 1156 250 1216 lt.
270 1155 291 1216 l.
309 1155 341 1217 C.
386 1174 452 1216 curn
476 1156 511 1217 ad
527 1156 701 1220 reficiendos
719 1158 800 1219 rinos
814 1173 978 1237 specusque
996 1153 1110 1238 **per
1130 1177 1205 1237 quae
1217 1158 1271 1238 [et]
1312 1186 1315 1191 ·

167 1281 257 1343 opera
277 1260 394 1343 publica
416 1270 659 1343 corrumpantur,
686 1265 802 1345 placere
828 1264 904 1325 circa
927 1263 1024 1325 iontes
1048 1270 1076 1323 et
1098 1265 1226 1328 fornices
1249 1275 1279 1326 et

168 1387 268 1430 muros
287 1376 409 1446 utraque
426 1387 460 1428 ex
475 1377 558 1448 parte
573 1370 678 1448 quinos
694 1370 784 1432 danos
799 1369 889 1450 pedes
912 1377 1022 1449 patere,
1046 1375 1075 1427 et
1093 1369 1172 1431 circa
1193 1371 1275 1432 riuos
1290 1388 1316 1428 ιο

168 1475 216 1553 qui
239 1474 294 1536 sub
316 1481 390 1535 terra
415 1485 515 1538 essent
537 1484 565 1537 ct
587 1496 694 1557 specus
714 1485 791 1538 mtm
812 1475 915 1536 urbem
939 1482 967 1535 et
992 1474 1096 1553 {extra}
1121 1474 1185 1536 urbi
1206 1496 1277 1538 con-

167 1579 288 1640 tinentia
311 1580 440 1642 aedilicia
465 1589 589 1660 utraque
618 1601 653 1642 ex
675 1590 758 1662 parte
781 1581 886 1661 quinos
907 1579 999 1660 pedes
1021 1598 1132 1641 uacuos
1152 1580 1278 1659 relinqui

167 1686 206 1747 ita
229 1695 261 1748 ut
280 1705 376 1765 neque
398 1694 621 1747 monumentum
644 1688 673 1749 in
695 1689 720 1750 is
742 1687 815 1750 locis
837 1704 933 1765 neque
952 1685 1114 1747 aedilicium
1132 1696 1199 1767 post
1220 1689 1278 1748 hoc

167 1801 282 1873 tempus
304 1811 414 1872 ponere
437 1811 533 1871 neque
559 1811 714 1855 conserere
741 1792 862 1855 arbores
883 1790 1000 1866 liceret,
1025 1791 1108 1870 sique
1129 1813 1207 1854 nunc
1229 1813 1277 1854 cs-

167 1906 233 1959 sent
255 1897 376 1959 arbores
398 1899 473 1960 intra
495 1900 524 1960 id
545 1898 686 1980 spatium,
708 1899 912 1960 exciderentur
933 1907 1135 1978 praeterquam
1159 1899 1183 1960 si
1201 1917 1277 1976 quae
1291 1919 1316 1958 15

165 2003 252 2064 uillae
274 2005 457 2066 continentes
481 2014 510 2066 et
531 2004 662 2067 inclusae
685 2003 824 2065 aediliciis
845 2011 954 2066 essent.
999 2003 1023 2064 si
1045 2003 1110 2084 quis
1132 2004 1276 2066 aduersus

166 2129 200 2171 ea
221 2109 406 2186 conmiserit‚
433 2110 461 2172 in
486 2112 616 2192 singulas
638 2130 687 2172 res
708 2129 802 2191 poena
825 2110 872 2172 llS
892 2111 966 2171 dena
993 2111 1072 2171 milia
1095 2118 1209 2184 essent,
1241 2128 1276 2170 ex

166 2215 271 2294 quibus
293 2235 362 2296 pars
391 2217 508 2279 dimidia
537 2216 698 2298 praemium
725 2217 889 2281 accusatori
915 2218 1047 2291 daretur,
1074 2215 1157 2277 cuins
1185 2232 1276 2295 opera

165 2322 289 2384 maxime
312 2323 467 2385 conuictus
481 2333 561 2385 esset
575 2324 623 2403 qui
647 2323 791 2384 aduersus
811 2323 869 2383 hcc
884 2323 914 2383 S.
935 2322 966 2383 C.
983 2321 1185 2395 conmisisset,
1206 2338 1275 2399 pars

165 2440 263 2492 autern
282 2430 399 2490 dimidia
425 2429 455 2490 in
479 2430 622 2491 aerarium
646 2432 837 2510 redigeretur.
882 2429 978 2506 deque
1000 2447 1033 2488 ea
1055 2446 1088 2487 re
1111 2425 1314 2487 iudicarentao

108 2542 437 2614 123cognoscerentque
457 2543 607 2597 curatores
630 2537 795 2615 aquarum!
834 2535 939 2594 Posset
955 2533 1012 2594 hoc
1034 2533 1065 2594 S.
1082 2532 1113 2594 C.
1130 2529 1275 2610 aequissi-

166 2660 245 2703 mum
269 2640 378 2715 uideri,
407 2640 494 2701 etiam
516 2644 544 2701 si
564 2660 599 2701 ex
626 2661 658 2702 re
683 2649 795 2702 tanturn
823 2638 958 2720 publicae
980 2638 1103 2699 utilitate
1127 2656 1160 2699 ea
1180 2636 1274 2716 spatia

164 2748 392 2811 uindicarentur.
437 2747 641 2825 multomagis
662 2755 758 2808 autern
777 2747 902 2808 maiores
927 2745 1020 2807 nostri
1042 2740 1204 2804 admirabili
1226 2760 1275 2801 ae·

164 2856 273 2934 quitate
296 2875 333 2916 ne
356 2873 389 2915 ea
408 2855 524 2933 quidem
548 2854 719 2934 eripuerunt
739 2853 861 2934 priuatis
883 2870 958 2930 quae
980 2853 1016 2913 ad
1038 2851 1158 2913 modum
1178 2847 1275 2929 publi-

164 2980 230 3022 cum
249 2960 449 3041 pertinebant,
470 2966 515 3021 set
531 2979 598 3020 curn
614 2980 704 3040 aquas
719 2961 931 3042 perducerent,
955 2958 980 3020 si
992 2955 1137 3020 diffieilior
1153 2958 1273 3034 posses*
1286 2977 1312 3017 rs

164 3084 214 3127 sor
235 3065 264 3126 in
288 3073 370 3144 parte
393 3065 548 3126 uendunda
569 3067 679 3136 luerat,
702 3085 756 3145 pro
777 3073 838 3126 toto
853 3084 923 3144 agro
939 3064 1094 3147 pecuniam
1112 3060 1274 3123 intulerunt

231 3327 247 3375 2
265 3325 490 3375 concamerationis
506 3334 532 3375 ut
550 3325 683 3376 uideturG
705 3321 709 3390 1
732 3323 748 3374 3
763 3339 879 3392 qproq
898 3321 935 3387 01
951 3319 1022 3389 511]
1043 3321 1124 3386 quei)
1136 3314 1172 3389 16
1185 3317 1273 3370 consul

162 3412 206 3480 01
227 3415 315 3464 ninere
336 3417 378 3465 uei
399 3423 487 3466 ntnera
509 3418 530 3467 0
554 3416 557 3479 1
584 3419 599 3468 7
622 3416 652 3475 Q·
674 3414 800 3464 locandus
828 3427 876 3475 que
898 3412 919 3462 0
946 3411 950 3475 1
981 3413 998 3464 8
1019 3427 1077 3462 cum
1097 3412 1180 3462 deleri
1200 3407 1275 3459 iussit

160 3503 280 3554 Ptatoero
294 3503 299 3573 1
313 3519 360 3570 per
378 3500 707 3574 quae-corrumperemur
724 3507 750 3554 ira
768 3521 791 3554 u.
812 3504 829 3556 6
845 3511 906 3566 post
929 3504 1028 3553 conseri
1051 3503 1183 3564 transponi
1199 3502 1276 3549 uoluit

163 3596 323 3647 Heinriclriue
348 3613 506 3663 specusque,
530 3614 595 3662 quae
616 3615 663 3665 per
686 3598 788 3647 arbores
808 3604 832 3645 et
848 3609 925 3660 opera
945 3595 1063 3660 apposita
1081 3599 1274 3656 corrumpantur

160 3685 313 3736 Iordansius
335 3689 353 3736 i.
377 3690 396 3739 1.
419 3703 445 3750 p.
462 3688 495 3738 82
522 3687 526 3754 1
552 3697 576 3738 et
602 3689 694 3738 seclusi
717 3689 767 3739 aiei
793 3701 823 3736 ea
843 3686 922 3734 maaria
947 3681 951 3749 1
981 3684 1012 3734 10
1030 3685 1054 3733 6.
1070 3683 1144 3732 ninos
1170 3681 1203 3742 0,
1229 3697 1273 3734 em.
1307 3685 1311 3698 '

160 3776 280 3828 Pithoeus
300 3775 304 3844 1
326 3777 394 3828 liet
412 3778 466 3827 urbi
484 3779 638 3828 continentia
653 3778 747 3840 scripsi
763 3783 787 3827 et
804 3770 875 3826 eitra
895 3775 983 3824 urbem
1001 3773 1154 3825 continentia
1172 3772 1193 3822 0
1209 3771 1274 3820 unde

160 3867 328 3917 extraurbem
339 3870 432 3919 conicio
447 3883 472 3921 v.
486 3868 518 3918 10
533 3877 591 3931 poet
607 3883 692 3917 muros
705 3867 825 3917 addenda
841 3882 896 3918 esee
911 3862 915 3932 1
939 3865 969 3917 12
985 3863 1131 3928 intraqueG
1149 3862 1152 3926 1
1172 3863 1220 3928 pa'r
1236 3859 1271 3922 01
1298 3871 1300 3875 ’

161 3958 194 4008 14
217 3955 243 4006 Si
267 3972 331 4021 qnae
353 3960 426 4020 culpo
451 3956 455 4020 1
484 3956 516 4007 15
539 3958 715 4023 exciperentur
739 3958 772 4017 0,
800 3973 845 4012 em.
865 3966 925 4022 poet
949 3958 989 4008 ed.
1005 3973 1049 4022 pr.
1074 3955 1184 4005 Poienus
1209 3958 1213 4013 1
1240 3954 1273 4004 17

159 4075 225 4126 pena
244 4059 290 4109 hes
319 4061 384 4110 dena
402 4061 435 4119 0,
459 4076 495 4109 em
512 4061 623 4111 Poleour
643 4060 696 4128 100
710 4061 786 4125 dique
806 4060 844 4128 01
865 4063 896 4112 21
917 4038 1007 4125 uirum
1021 4060 1059 4124 01
1074 4061 1107 4110 22
1123 4057 1222 4108 etiamsi
1240 4071 1273 4105 ex

117 4140 120 4146 ⁹
159 4151 285 4201 locandus
301 4151 375 4200 etiarn
387 4151 450 4201 exC
470 4149 475 4216 1
495 4151 531 4200 rei
547 4153 587 4204 ed.
602 4152 749 4202 Florentino
772 4152 775 4214 1
796 4152 940 4202 utiliorisc'
961 4151 965 4214 1
985 4148 1250 4201 23nindinarentur0
1266 4147 1270 4211 1

158 4253 242 4293 autem
260 4245 355 4308 scripsi
367 4257 423 4292 cum
442 4240 529 4309 0124
545 4257 591 4290 nec
608 4242 726 4305 equidem
742 4241 763 4291 0
784 4241 789 4307 1
808 4240 842 4292 26
861 4241 991 4288 intulerint
1009 4241 1029 4288 0
1167 4248 1174 4261 ’
