2798 4896
411 273 453 317 nn
473 272 571 325 Aoum
596 272 688 317 vners
712 270 822 315 nonan
846 271 942 314 arnan
963 269 975 312 1
1214 248 1251 311 13

137 426 364 506 conceptacula,
387 425 481 486 idest
502 423 646 504 piscinae,
668 423 787 487 habent.
818 442 905 485 arcus
922 421 1050 500 Virginis
1072 420 1187 480 initium
1203 419 1254 480 lra-

52 578 58 587 .
137 533 208 593 beot
230 530 285 592 snb
307 531 403 592 hortis
425 530 611 601 Lucullanis,
632 530 775 591 finiuntur
796 528 825 588 in
843 547 947 608 campo
965 527 1067 587 lllartio
1089 527 1253 587 secundum

137 639 265 699 frontem
291 637 477 718 Saeptorum.
523 636 605 697 riuos
619 635 731 715 Appiae
756 634 811 694 sub
829 634 926 695 Caelio
947 641 1047 695 monte
1065 632 1254 693 etduentiuo

137 749 222 803 actus
239 742 378 818 emergit,
396 750 429 802 ut
443 741 578 811 diximus,
595 741 670 800 inlra
686 739 795 800 cliuum
812 739 945 800 Publicii.
973 739 1130 800 Alsietinus
1146 739 1254 798 ductus

113 857 208 930 apost
226 847 441 917 naumachiam,
458 846 543 906 cuius
561 864 650 906 cansa
666 845 780 905 videtur
796 863 862 906 esse
878 845 988 915 lactus,
1014 845 1125 906 linitur.

224 953 368 1023 Quoniam
384 952 514 1013 auctoris
531 952 676 1027 cuiusque
691 969 784 1028 aquae
800 959 828 1010 et
846 959 971 1017 aetates,
994 957 1146 1029 praeterea
1165 951 1296 1029 origi-23

138 1077 192 1120 nes
214 1067 243 1119 et
266 1058 467 1136 longitudines
494 1059 627 1119 riuorum
653 1063 681 1116 et
704 1056 838 1117 ordinem
865 1057 956 1117 librae
980 1064 1157 1137 persecutus
1178 1076 1254 1133 sum,

139 1186 198 1227 raon
222 1166 349 1226 alienum
375 1165 447 1225 milti
470 1164 602 1241 uidetur,
631 1162 718 1223 etiam
743 1161 858 1240 singula
886 1161 1022 1223 subicere
1046 1169 1074 1222 et
1099 1163 1255 1223 ostendere

139 1280 247 1351 quanta
270 1271 308 1331 sil
329 1270 413 1349 eopia
445 1288 521 1347 quae
542 1268 669 1348 puplicis
696 1268 880 1347 priuatisque
901 1285 960 1327 non
983 1267 1079 1329 solum
1099 1269 1202 1328 usibus
1225 1274 1254 1327 et

101 1393 126 1433 io
140 1377 254 1438 auxiliis
283 1395 387 1437 uerum
416 1375 503 1435 etiam
529 1373 730 1454 uoluptatibus
753 1372 879 1442 sufficit,
904 1379 933 1430 et
956 1391 1010 1452 per
1038 1379 1110 1450 quot
1137 1373 1256 1434 castella

139 1481 306 1560 quibusque
324 1479 495 1559 regionibus
515 1480 686 1550 diducatur,
707 1486 849 1557 quantum
872 1486 951 1538 extra
972 1478 1091 1551 urbem,
1112 1487 1255 1557 quantum

139 1587 169 1647 in
185 1587 272 1659 urbe,
292 1595 372 1647 etex
388 1594 580 1663 coquantum
598 1586 726 1656 lacibus,
749 1591 892 1664 quantum
909 1585 1091 1657 muneribus,
1114 1594 1256 1664 quantum

140 1690 279 1772 operibus
302 1693 446 1773 publiciS,
480 1702 622 1770 quantum
642 1691 760 1752 nomine
788 1690 938 1762 Caesaris,
967 1698 1108 1769 quantum
1132 1690 1257 1770 priuatis

141 1799 245 1860 usibus
260 1807 409 1877 erogetur.
446 1800 497 1860 sed
513 1797 635 1859 rationis
651 1798 802 1869 existimo,
824 1798 996 1877 priusquam
1013 1796 1131 1857 aomina
1150 1795 1254 1872 quina-

55 1916 57 1920 ·
103 1905 252 1966 rariorum
285 1905 582 1981 centenariarnmque
611 1915 640 1966 et
671 1914 839 1966 ceterorum
871 1902 1071 1973 modulorum,
1104 1919 1157 1980 per
1180 1919 1255 1978 quos

142 2029 280 2071 mensura
304 2011 461 2072 constituta
486 2018 546 2082 est,
569 2010 769 2090 proteramuS,
795 2020 824 2072 et
845 2009 975 2070 indicare
996 2026 1071 2085 quae
1095 2007 1132 2068 sit
1152 2026 1255 2069 eorum
1292 2065 1294 2070 .

142 2115 240 2195 origo,
264 2136 339 2194 qnae
355 2117 435 2177 uires
456 2118 568 2196 etquid
585 2135 718 2194 quaeque
734 2116 891 2196 appellatio
907 2115 1066 2192 significet,
1091 2113 1257 2194 proposita-

142 2240 200 2299 que
215 2221 331 2299 regula,
348 2223 385 2282 ad
401 2242 487 2299 quam
503 2223 577 2283 ratio
594 2239 695 2281 eorum
712 2232 740 2280 et.
755 2221 870 2280 initium
887 2228 1077 2299 conputatur,
1100 2223 1256 2281 ostendere
1315 2225 1319 2229 '

142 2346 200 2405 qua
220 2306 335 2389 ratione
357 2328 556 2407 discrepantia
572 2307 736 2387 inuenerim
758 2332 787 2385 et
804 2343 890 2402 quam
912 2326 1087 2387 emendandi
1107 2327 1185 2388 uiam
1201 2327 1257 2388 sim

104 2441 276 2494 aosecutus.

228 2540 376 2616 dquarum
399 2540 509 2602 moduli
531 2549 582 2601 aut
608 2539 643 2599 ad
672 2537 830 2616 digitorum
857 2546 907 2598 aut
933 2540 968 2598 ad
996 2537 1149 2600 unciarum
1175 2542 1300 2600 men-‘24

143 2661 243 2703 suram
268 2643 395 2706 instituti
420 2656 500 2706 sont.
547 2646 629 2724 digiti
652 2645 682 2705 in
705 2642 861 2723 Campania
885 2650 913 2703 et
941 2644 970 2704 in
992 2644 1141 2724 plerisque
1157 2644 1257 2704 ltaliae

144 2741 232 2818 locis,
256 2749 361 2808 unciae
383 2749 411 2809 in
428 2752 570 2831 †p.lpula
587 2753 643 2813 cita
662 2752 720 2812 lruc
736 2751 923 2814 obseruator.
960 2763 1006 2814 est
1022 2761 1121 2814 autem
1139 2752 1256 2829 digitus,

145 2859 177 2911 ut
197 2853 352 2923 conuenit,
379 2857 574 2918 sextadecima
599 2876 668 2937 pars
689 2855 789 2936 pediS,
821 2857 906 2918 uncia
929 2859 1111 2920 duodecima.
1155 2877 1259 2935 quem·

107 2959 302 3020 tantimodum
325 2970 424 3021 autem
447 2961 523 3023 inter
541 2965 657 3025 lanciam
676 2973 704 3024 et
718 2964 840 3041 digitum
856 2965 1032 3035 diuersitas,
1056 2965 1095 3024 ita
1113 2971 1141 3023 et.
1163 2965 1257 3044 ipsius

146 3063 227 3140 digiti
242 3082 301 3124 ooo
322 3066 444 3144 simplex
466 3067 635 3130 obseruatio
657 3078 712 3130 est.
752 3069 828 3129 alius
847 3078 970 3131 uocatur
985 3073 1160 3148 quadratuS,
1183 3071 1259 3131 alius

145 3172 299 3232 rotundus
339 3172 500 3248 quadratus
521 3173 616 3233 tribus
637 3174 886 3251 quartisdecumis
913 3177 976 3236 suis
1001 3175 1129 3237 rotundo
1155 3174 1257 3242 maior,

145 3276 291 3335 rotundus
309 3276 405 3337 tribus
429 3279 603 3338 undecumis
625 3279 688 3339 suis
705 3281 849 3354 quadrato
868 3280 963 3340 minor
979 3288 1038 3353 est,
1062 3281 1175 3341 scilicet
1191 3282 1259 3358 quia

214 3500 306 3549 eoois
325 3500 452 3550 lutitianis
468 3502 488 3550 c
507 3502 512 3563 i
538 3502 658 3566 iuuet
683 3503 825 3569 toi-igines
837 3503 1089 3555 ,santerna-arnas
1106 3491 1152 3567 οἰ
1175 3505 1259 3558 ouon

146 3587 255 3638 alieniori
267 3585 278 3657 ΙΙ
292 3591 439 3640 modimiclri
451 3593 475 3642 ’C
494 3607 544 3642 nou
564 3592 641 3642 alieni
656 3594 724 3642 modi
739 3593 800 3642 milri
811 3595 921 3644 Poleour
941 3594 945 3657 Ι
968 3597 1147 3648 ostenderreC
1166 3597 1170 3660 Ι
1190 3597 1260 3647 und

147 3678 168 3727 0
193 3678 197 3741 Ι
225 3679 334 3745 puplicis
359 3683 443 3729 alteru
465 3698 482 3746 p
501 3699 517 3730 a
531 3686 674 3745 posteriore
693 3701 766 3733 ananau
786 3688 810 3734 ia
834 3686 849 3734 b
876 3694 968 3736 totatuta
990 3688 1011 3737 0
1036 3685 1039 3748 Ι
1073 3685 1103 3736 10
1127 3686 1195 3748 quod
1215 3687 1258 3750 01

148 3767 176 3816 11
197 3767 335 3817 deducatur
349 3773 375 3832 C,
393 3789 438 3821 em.
460 3773 622 3829 Ileilera'elu'us
642 3774 645 3837 Ι
671 3776 704 3845 12
718 3777 778 3825 urbe
795 3774 934 3824 Sclaultzr'ua
951 3776 1038 3824 urbem
1052 3778 1072 3826 C
1088 3778 1154 3826 iutra
1173 3778 1259 3826 urbem

462 3851 490 3877 no

145 3882 201 3930 cod.
236 3883 320 3934 Vatia.
359 3883 362 3946 Ι
406 3883 437 3934 13
460 3885 561 3933 uuneC
574 3885 577 3947 1
595 3887 861 3949 l5ecntonnrinmque
876 3887 904 3945 0,
923 3902 966 3935 era.
983 3885 1110 3937 Iucundos
1130 3888 1258 3951 {ceterum

146 3971 167 4020 0
180 3971 184 4034 Ι
201 3971 232 4020 17
245 3969 372 4034 quaeque]
391 3989 439 4035 qne
451 3975 471 4023 0
484 3975 488 4035 Ι
507 3974 537 4024 lt)
551 3975 721 4041 discrepantia
740 3976 853 4025 iuuenim
865 3978 885 4026 0
898 3978 902 4038 Ι
918 3979 948 4026 21
971 3979 1117 4027 moilnliand
1131 3980 1169 4042 Ol
1184 3980 1218 4030 23
1234 3982 1260 4029 iu

147 4071 216 4126 parto
231 4063 295 4111 Latii
308 4061 391 4110 adlrue
408 4064 568 4112 [leina-talaiae
580 4066 604 4112 iu
619 4066 785 4130 popularibus
805 4068 943 4116 rationibus
962 4051 1045 4117 nillmc
1058 4071 1221 4121 llerleaa'cdius·
1234 4072 1259 4120 in

147 4154 239 4217 Apulia
257 4156 374 4217 Scaliger
394 4156 398 4216 Ι
423 4156 590 4205 olas-eruantur
605 4157 660 4207 eod.
686 4157 770 4209 Vatic.
795 4155 799 4218 i
824 4159 855 4207 21
869 4157 937 4208 ndo
957 4166 961 4220 Ι
986 4160 1066 4207 uricia’
1086 4162 1106 4211 0
1126 4163 1129 4225 Ι
1157 4163 1190 4213 au
1209 4177 1259 4212 uon

145 4252 204 4292 urite
222 4243 332 4309 simplex
351 4246 454 4309 arietilli,
474 4254 534 4295 uate
551 4254 590 4294 est
608 4244 736 4295 Iucundos
