<?xml version="1.0" encoding="UTF-8"?>
<!DOCTYPE html PUBLIC "-//W3C//DTD XHTML 1.0 Transitional//EN"
    "http://www.w3.org/TR/xhtml1/DTD/xhtml1-transitional.dtd">
<html xmlns="http://www.w3.org/1999/xhtml" xml:lang="en" lang="en">
 <head>
  <title>
</title>
<meta http-equiv="Content-Type" content="text/html;charset=utf-8" />
  <meta name='ocr-system' content='tesseract 3.04.00' />
  <meta name='ocr-capabilities' content='ocr_page ocr_carea ocr_par ocr_line ocrx_word'/>
</head>
<body>
  <div class='ocr_page' id='page_1' title='image "./iuliifrontinide00bcgoog_0022.png"; bbox 0 0 2798 4896; ppageno 0'>
   <div class='ocr_carea' id='block_1_1' title="bbox 100 1043 1284 2446">
    <p class='ocr_par' dir='ltr' id='par_1_1' title="bbox 134 1043 1250 1491">
     <span class='ocr_line' id='line_1_1' title="bbox 222 1043 1250 1174; baseline -0.002 -16"><span class='ocrx_word' id='word_1_1' title='bbox 222 1043 312 1158; x_wconf 68' lang='lat' dir='ltr'>Cum</span> <span class='ocrx_word' id='word_1_2' title='bbox 336 1095 431 1156; x_wconf 88' lang='lat' dir='ltr'>omnis</span> <span class='ocrx_word' id='word_1_3' title='bbox 453 1113 502 1155; x_wconf 88' lang='lat' dir='ltr'>res</span> <span class='ocrx_word' id='word_1_4' title='bbox 528 1094 564 1155; x_wconf 84' lang='lat' dir='ltr'>ab</span> <span class='ocrx_word' id='word_1_5' title='bbox 589 1095 766 1174; x_wconf 77' lang='lat' dir='ltr'>imperatore</span> <span class='ocrx_word' id='word_1_6' title='bbox 790 1095 923 1172; x_wconf 84' lang='lat' dir='ltr'>delegata</span> <span class='ocrx_word' id='word_1_7' title='bbox 944 1095 1129 1157; x_wconf 72' lang='lat' dir='ltr'><strong>intentiorem</strong></span> <span class='ocrx_word' id='word_1_8' title='bbox 1153 1095 1250 1173; x_wconf 84' lang='lat' dir='ltr'>exigat</span> 
     </span>
     <span class='ocr_line' id='line_1_2' title="bbox 136 1179 1246 1284; baseline -0.005 -18"><span class='ocrx_word' id='word_1_9' title='bbox 136 1225 247 1277; x_wconf 86' lang='lat' dir='ltr'>curam,</span> <span class='ocrx_word' id='word_1_10' title='bbox 273 1212 303 1264; x_wconf 91' lang='lat' dir='ltr'>et</span> <span class='ocrx_word' id='word_1_11' title='bbox 325 1220 371 1263; x_wconf 86' lang='lat' dir='ltr'>me</span> <span class='ocrx_word' id='word_1_12' title='bbox 395 1220 448 1262; x_wconf 90' lang='lat' dir='ltr'>seu</span> <span class='ocrx_word' id='word_1_13' title='bbox 471 1201 613 1284; x_wconf 84' lang='lat' dir='ltr'>naturalis</span> <span class='ocrx_word' id='word_1_14' title='bbox 634 1199 800 1260; x_wconf 88' lang='lat' dir='ltr'>sollicitudo</span> <span class='ocrx_word' id='word_1_15' title='bbox 823 1218 875 1260; x_wconf 92' lang='lat' dir='ltr'>seu</span> <span class='ocrx_word' id='word_1_16' title='bbox 898 1202 972 1261; x_wconf 89' lang='lat' dir='ltr'>fides</span> <span class='ocrx_word' id='word_1_17' title='bbox 998 1179 1099 1262; x_wconf 83' lang='lat' dir='ltr'>sedula</span> <span class='ocrx_word' id='word_1_18' title='bbox 1127 1221 1186 1263; x_wconf 91' lang='lat' dir='ltr'>non</span> <span class='ocrx_word' id='word_1_19' title='bbox 1211 1203 1246 1262; x_wconf 89' lang='lat' dir='ltr'>ad</span> 
     </span>
     <span class='ocr_line' id='line_1_3' title="bbox 134 1308 1250 1386; baseline 0.004 -22"><span class='ocrx_word' id='word_1_20' title='bbox 134 1309 314 1386; x_wconf 83' lang='lat' dir='ltr'>diligentiam</span> <span class='ocrx_word' id='word_1_21' title='bbox 337 1310 423 1371; x_wconf 65' lang='lat' dir='ltr'>mollo</span> <span class='ocrx_word' id='word_1_22' title='bbox 441 1328 544 1371; x_wconf 83' lang='lat' dir='ltr'>uerum</span> <span class='ocrx_word' id='word_1_23' title='bbox 565 1311 601 1370; x_wconf 79' lang='lat' dir='ltr'>ad</span> <span class='ocrx_word' id='word_1_24' title='bbox 623 1323 752 1366; x_wconf 88' lang='lat' dir='ltr'>amorem</span> <span class='ocrx_word' id='word_1_25' title='bbox 772 1317 888 1383; x_wconf 85' lang='lat' dir='ltr'>quoque</span> <span class='ocrx_word' id='word_1_26' title='bbox 906 1308 1080 1383; x_wconf 84' lang='lat' dir='ltr'>commissae</span> <span class='ocrx_word' id='word_1_27' title='bbox 1100 1308 1143 1368; x_wconf 89' lang='lat' dir='ltr'>rei</span> <span class='ocrx_word' id='word_1_28' title='bbox 1166 1309 1250 1369; x_wconf 91' lang='lat' dir='ltr'>insti-</span> 
     </span>
     <span class='ocr_line' id='line_1_4' title="bbox 135 1410 1249 1491; baseline -0.001 -19"><span class='ocrx_word' id='word_1_29' title='bbox 135 1420 206 1490; x_wconf 84' lang='lat' dir='ltr'>gent</span> <span class='ocrx_word' id='word_1_30' title='bbox 227 1413 322 1489; x_wconf 86' lang='lat' dir='ltr'>sitque</span> <span class='ocrx_word' id='word_1_31' title='bbox 346 1431 425 1475; x_wconf 88' lang='lat' dir='ltr'>nuno</span> <span class='ocrx_word' id='word_1_32' title='bbox 447 1414 517 1476; x_wconf 91' lang='lat' dir='ltr'>mibi</span> <span class='ocrx_word' id='word_1_33' title='bbox 539 1414 576 1475; x_wconf 90' lang='lat' dir='ltr'>ab</span> <span class='ocrx_word' id='word_1_34' title='bbox 598 1411 696 1472; x_wconf 89' lang='lat' dir='ltr'>Nerua</span> <span class='ocrx_word' id='word_1_35' title='bbox 715 1410 862 1487; x_wconf 74' lang='lat' dir='ltr'>Augusto,</span> <span class='ocrx_word' id='word_1_36' title='bbox 886 1412 987 1473; x_wconf 88' lang='lat' dir='ltr'>nescio</span> <span class='ocrx_word' id='word_1_37' title='bbox 1009 1413 1192 1491; x_wconf 81' lang='lat' dir='ltr'>diligentiore</span> <span class='ocrx_word' id='word_1_38' title='bbox 1211 1431 1249 1474; x_wconf 90' lang='lat' dir='ltr'>an</span> 
     </span>
    </p>

    <p class='ocr_par' dir='ltr' id='par_1_2' title="bbox 110 1516 1284 2024">
     <span class='ocr_line' id='line_1_5' title="bbox 110 1516 1249 1600; baseline 0 -23"><span class='ocrx_word' id='word_1_39' title='bbox 110 1519 296 1579; x_wconf 71' lang='lat' dir='ltr'>numantiore</span> <span class='ocrx_word' id='word_1_40' title='bbox 322 1518 365 1578; x_wconf 90' lang='lat' dir='ltr'>rei</span> <span class='ocrx_word' id='word_1_41' title='bbox 387 1519 522 1599; x_wconf 91' lang='lat' dir='ltr'>publicae</span> <span class='ocrx_word' id='word_1_42' title='bbox 541 1521 734 1600; x_wconf 83' lang='lat' dir='ltr'>imperatore,</span> <span class='ocrx_word' id='word_1_43' title='bbox 768 1534 909 1593; x_wconf 89' lang='lat' dir='ltr'>aquarum</span> <span class='ocrx_word' id='word_1_44' title='bbox 932 1518 1096 1579; x_wconf 90' lang='lat' dir='ltr'>iniunctum</span> <span class='ocrx_word' id='word_1_45' title='bbox 1119 1516 1249 1579; x_wconf 77' lang='lat' dir='ltr'>osticium</span> 
     </span>
     <span class='ocr_line' id='line_1_6' title="bbox 135 1621 1251 1702; baseline -0.003 -17"><span class='ocrx_word' id='word_1_46' title='bbox 135 1626 170 1685; x_wconf 87' lang='lat' dir='ltr'>ad</span> <span class='ocrx_word' id='word_1_47' title='bbox 190 1644 284 1696; x_wconf 89' lang='lat' dir='ltr'>usum,</span> <span class='ocrx_word' id='word_1_48' title='bbox 308 1632 371 1686; x_wconf 88' lang='lat' dir='ltr'>tum</span> <span class='ocrx_word' id='word_1_49' title='bbox 389 1627 424 1686; x_wconf 88' lang='lat' dir='ltr'>ad</span> <span class='ocrx_word' id='word_1_50' title='bbox 440 1625 642 1687; x_wconf 80' lang='lat' dir='ltr'>salubritatem</span> <span class='ocrx_word' id='word_1_51' title='bbox 658 1631 745 1700; x_wconf 86' lang='lat' dir='ltr'>atque</span> <span class='ocrx_word' id='word_1_52' title='bbox 760 1621 848 1683; x_wconf 85' lang='lat' dir='ltr'>etiarn</span> <span class='ocrx_word' id='word_1_53' title='bbox 872 1623 1061 1684; x_wconf 84' lang='lat' dir='ltr'>securitatem</span> <span class='ocrx_word' id='word_1_54' title='bbox 1084 1622 1166 1684; x_wconf 89' lang='lat' dir='ltr'>urbis</span> <span class='ocrx_word' id='word_1_55' title='bbox 1182 1641 1251 1702; x_wconf 93' lang='lat' dir='ltr'>per-</span> 
     </span>
     <span class='ocr_line' id='line_1_7' title="bbox 135 1727 1250 1810; baseline -0.004 -19"><span class='ocrx_word' id='word_1_56' title='bbox 135 1731 246 1803; x_wconf 91' lang='lat' dir='ltr'>tinens,</span> <span class='ocrx_word' id='word_1_57' title='bbox 280 1730 518 1794; x_wconf 88' lang='lat' dir='ltr'>administratum</span> <span class='ocrx_word' id='word_1_58' title='bbox 549 1750 602 1810; x_wconf 87' lang='lat' dir='ltr'>por</span> <span class='ocrx_word' id='word_1_59' title='bbox 633 1727 783 1810; x_wconf 87' lang='lat' dir='ltr'>principes</span> <span class='ocrx_word' id='word_1_60' title='bbox 814 1746 930 1807; x_wconf 82' lang='lat' dir='ltr'>semper</span> <span class='ocrx_word' id='word_1_61' title='bbox 958 1727 1103 1789; x_wconf 88' lang='lat' dir='ltr'>oeinitatis</span> <span class='ocrx_word' id='word_1_62' title='bbox 1131 1735 1250 1789; x_wconf 84' lang='lat' dir='ltr'>nostroe</span> 
     </span>
     <span class='ocr_line' id='line_1_8' title="bbox 137 1833 1250 1918; baseline -0.003 -20"><span class='ocrx_word' id='word_1_63' title='bbox 137 1836 231 1902; x_wconf 87' lang='lat' dir='ltr'>uiros:</span> <span class='ocrx_word' id='word_1_64' title='bbox 254 1839 382 1918; x_wconf 92' lang='lat' dir='ltr'>primum</span> <span class='ocrx_word' id='word_1_65' title='bbox 405 1855 440 1896; x_wconf 89' lang='lat' dir='ltr'>ac</span> <span class='ocrx_word' id='word_1_66' title='bbox 459 1837 648 1917; x_wconf 86' lang='lat' dir='ltr'>potissimum</span> <span class='ocrx_word' id='word_1_67' title='bbox 670 1837 818 1905; x_wconf 83' lang='lat' dir='ltr'>existimo,</span> <span class='ocrx_word' id='word_1_68' title='bbox 841 1835 919 1894; x_wconf 88' lang='lat' dir='ltr'>sicut</span> <span class='ocrx_word' id='word_1_69' title='bbox 942 1833 972 1893; x_wconf 90' lang='lat' dir='ltr'>in</span> <span class='ocrx_word' id='word_1_70' title='bbox 995 1833 1101 1894; x_wconf 88' lang='lat' dir='ltr'>ceteris</span> <span class='ocrx_word' id='word_1_71' title='bbox 1123 1835 1250 1912; x_wconf 84' lang='lat' dir='ltr'>negotiis</span> 
     </span>
     <span class='ocr_line' id='line_1_9' title="bbox 135 1939 1284 2024; baseline -0.002 -22"><span class='ocrx_word' id='word_1_72' title='bbox 135 1942 332 2020; x_wconf 87' lang='lat' dir='ltr'>institueram,</span> <span class='ocrx_word' id='word_1_73' title='bbox 350 1962 438 2005; x_wconf 90' lang='lat' dir='ltr'>nosse</span> <span class='ocrx_word' id='word_1_74' title='bbox 458 1945 535 2022; x_wconf 89' lang='lat' dir='ltr'>quod</span> <span class='ocrx_word' id='word_1_75' title='bbox 556 1944 685 2024; x_wconf 87' lang='lat' dir='ltr'>suscepi.</span> <span class='ocrx_word' id='word_1_76' title='bbox 729 1961 824 2021; x_wconf 87' lang='lat' dir='ltr'>neque</span> <span class='ocrx_word' id='word_1_77' title='bbox 848 1941 925 2002; x_wconf 87' lang='lat' dir='ltr'>enim</span> <span class='ocrx_word' id='word_1_78' title='bbox 945 1940 1037 2001; x_wconf 88' lang='lat' dir='ltr'>ullum</span> <span class='ocrx_word' id='word_1_79' title='bbox 1054 1939 1149 1999; x_wconf 89' lang='lat' dir='ltr'>omnis</span> <span class='ocrx_word' id='word_1_80' title='bbox 1164 1946 1284 2000; x_wconf 83' lang='lat' dir='ltr'>actus2</span> 
     </span>
    </p>

    <p class='ocr_par' dir='ltr' id='par_1_3' title="bbox 100 2047 1252 2446">
     <span class='ocr_line' id='line_1_10' title="bbox 100 2047 1252 2125; baseline 0.002 -18"><span class='ocrx_word' id='word_1_81' title='bbox 100 2049 249 2110; x_wconf 76' lang='lat' dir='ltr'>incertius</span> <span class='ocrx_word' id='word_1_82' title='bbox 273 2050 496 2111; x_wconf 85' lang='lat' dir='ltr'>fundamentum</span> <span class='ocrx_word' id='word_1_83' title='bbox 519 2048 709 2120; x_wconf 86' lang='lat' dir='ltr'>crediderim,</span> <span class='ocrx_word' id='word_1_84' title='bbox 732 2056 782 2110; x_wconf 93' lang='lat' dir='ltr'>aut</span> <span class='ocrx_word' id='word_1_85' title='bbox 803 2047 888 2108; x_wconf 86' lang='lat' dir='ltr'>aliter</span> <span class='ocrx_word' id='word_1_86' title='bbox 908 2064 983 2123; x_wconf 91' lang='lat' dir='ltr'>quae</span> <span class='ocrx_word' id='word_1_87' title='bbox 1008 2047 1140 2108; x_wconf 85' lang='lat' dir='ltr'>facienda</span> <span class='ocrx_word' id='word_1_88' title='bbox 1162 2067 1252 2125; x_wconf 84' lang='lat' dir='ltr'>quae-</span> 
     </span>
     <span class='ocr_line' id='line_1_11' title="bbox 137 2150 1252 2235; baseline 0.001 -23"><span class='ocrx_word' id='word_1_89' title='bbox 137 2170 194 2230; x_wconf 86' lang='lat' dir='ltr'>que</span> <span class='ocrx_word' id='word_1_90' title='bbox 222 2153 339 2213; x_wconf 89' lang='lat' dir='ltr'>uitanda</span> <span class='ocrx_word' id='word_1_91' title='bbox 360 2157 420 2216; x_wconf 90' lang='lat' dir='ltr'>sint</span> <span class='ocrx_word' id='word_1_92' title='bbox 440 2174 530 2235; x_wconf 88' lang='lat' dir='ltr'>posse</span> <span class='ocrx_word' id='word_1_93' title='bbox 552 2155 682 2228; x_wconf 85' lang='lat' dir='ltr'>decerni,</span> <span class='ocrx_word' id='word_1_94' title='bbox 705 2154 815 2215; x_wconf 88' lang='lat' dir='ltr'>aliutue</span> <span class='ocrx_word' id='word_1_95' title='bbox 832 2160 891 2212; x_wconf 92' lang='lat' dir='ltr'>tam</span> <span class='ocrx_word' id='word_1_96' title='bbox 912 2151 1085 2213; x_wconf 91' lang='lat' dir='ltr'>indecorum</span> <span class='ocrx_word' id='word_1_97' title='bbox 1107 2150 1252 2213; x_wconf 84' lang='lat' dir='ltr'>tolerabili</span> 
     </span>
     <span class='ocr_line' id='line_1_12' title="bbox 139 2257 1251 2336; baseline 0 -19"><span class='ocrx_word' id='word_1_98' title='bbox 139 2257 218 2328; x_wconf 87' lang='lat' dir='ltr'>uiro,</span> <span class='ocrx_word' id='word_1_99' title='bbox 248 2275 334 2334; x_wconf 88' lang='lat' dir='ltr'>quam</span> <span class='ocrx_word' id='word_1_100' title='bbox 364 2260 531 2336; x_wconf 80' lang='lat' dir='ltr'>delegatum</span> <span class='ocrx_word' id='word_1_101' title='bbox 560 2260 689 2321; x_wconf 85' lang='lat' dir='ltr'>officium</span> <span class='ocrx_word' id='word_1_102' title='bbox 712 2277 747 2319; x_wconf 85' lang='lat' dir='ltr'>ex</span> <span class='ocrx_word' id='word_1_103' title='bbox 771 2257 938 2320; x_wconf 90' lang='lat' dir='ltr'>adiutorum</span> <span class='ocrx_word' id='word_1_104' title='bbox 964 2275 1051 2335; x_wconf 83' lang='lat' dir='ltr'>agere</span> <span class='ocrx_word' id='word_1_105' title='bbox 1075 2257 1251 2336; x_wconf 67' lang='lat' dir='ltr'>praeceptis</span> 
     </span>
     <span class='ocr_line' id='line_1_13' title="bbox 137 2361 1251 2446; baseline -0.006 -17"><span class='ocrx_word' id='word_1_106' title='bbox 137 2369 215 2446; x_wconf 88' lang='lat' dir='ltr'>quod</span> <span class='ocrx_word' id='word_1_107' title='bbox 241 2367 303 2427; x_wconf 84' lang='lat' dir='ltr'>beri</span> <span class='ocrx_word' id='word_1_108' title='bbox 323 2382 446 2424; x_wconf 77' lang='lat' dir='ltr'>necesse</span> <span class='ocrx_word' id='word_1_109' title='bbox 469 2373 529 2437; x_wconf 88' lang='lat' dir='ltr'>est,</span> <span class='ocrx_word' id='word_1_110' title='bbox 555 2365 692 2443; x_wconf 89' lang='lat' dir='ltr'>quotiens</span> <span class='ocrx_word' id='word_1_111' title='bbox 711 2363 857 2444; x_wconf 91' lang='lat' dir='ltr'>imperitia</span> <span class='ocrx_word' id='word_1_112' title='bbox 876 2361 1054 2444; x_wconf 89' lang='lat' dir='ltr'>praepositei</span> <span class='ocrx_word' id='word_1_113' title='bbox 1077 2362 1113 2422; x_wconf 92' lang='lat' dir='ltr'>ad</span> <span class='ocrx_word' id='word_1_114' title='bbox 1135 2361 1251 2423; x_wconf 89' lang='lat' dir='ltr'>illorum</span> 
     </span>
    </p>
   </div>
   <div class='ocr_carea' id='block_1_2' title="bbox 113 2466 1286 2973">
    <p class='ocr_par' dir='ltr' id='par_1_4' title="bbox 113 2466 1286 2973">
     <span class='ocr_line' id='line_1_14' title="bbox 138 2466 1254 2550; baseline -0.007 -16"><span class='ocrx_word' id='word_1_115' title='bbox 138 2473 268 2535; x_wconf 78' lang='lat' dir='ltr'>decurrit</span> <span class='ocrx_word' id='word_1_116' title='bbox 290 2490 394 2547; x_wconf 86' lang='lat' dir='ltr'>usum;</span> <span class='ocrx_word' id='word_1_117' title='bbox 425 2489 552 2548; x_wconf 91' lang='lat' dir='ltr'>quorum</span> <span class='ocrx_word' id='word_1_118' title='bbox 579 2472 604 2532; x_wconf 91' lang='lat' dir='ltr'>sl</span> <span class='ocrx_word' id='word_1_119' title='bbox 628 2472 814 2533; x_wconf 84' lang='lat' dir='ltr'>necessariae</span> <span class='ocrx_word' id='word_1_120' title='bbox 837 2478 937 2550; x_wconf 90' lang='lat' dir='ltr'>partes</span> <span class='ocrx_word' id='word_1_121' title='bbox 963 2478 1033 2530; x_wconf 91' lang='lat' dir='ltr'>sunt</span> <span class='ocrx_word' id='word_1_122' title='bbox 1061 2468 1096 2527; x_wconf 86' lang='lat' dir='ltr'>ad</span> <span class='ocrx_word' id='word_1_123' title='bbox 1120 2466 1254 2528; x_wconf 90' lang='lat' dir='ltr'>ministe-</span> 
     </span>
     <span class='ocr_line' id='line_1_15' title="bbox 113 2573 1254 2655; baseline -0.004 -17"><span class='ocrx_word' id='word_1_124' title='bbox 113 2602 125 2638; x_wconf 63' lang='grc' dir='ltr'>ε,</span> <span class='ocrx_word' id='word_1_125' title='bbox 140 2581 231 2650; x_wconf 85' lang='lat' dir='ltr'>rium,</span> <span class='ocrx_word' id='word_1_126' title='bbox 257 2586 355 2639; x_wconf 76' lang='lat' dir='ltr'>temen</span> <span class='ocrx_word' id='word_1_127' title='bbox 378 2583 407 2637; x_wconf 90' lang='lat' dir='ltr'>ut</span> <span class='ocrx_word' id='word_1_128' title='bbox 433 2596 536 2639; x_wconf 88' lang='lat' dir='ltr'>manus</span> <span class='ocrx_word' id='word_1_129' title='bbox 557 2577 700 2655; x_wconf 85' lang='lat' dir='ltr'>quaedam</span> <span class='ocrx_word' id='word_1_130' title='bbox 723 2583 753 2637; x_wconf 89' lang='lat' dir='ltr'>et</span> <span class='ocrx_word' id='word_1_131' title='bbox 775 2576 1002 2637; x_wconf 90' lang='lat' dir='ltr'>instrumentum</span> <span class='ocrx_word' id='word_1_132' title='bbox 1024 2573 1138 2652; x_wconf 84' lang='lat' dir='ltr'>agentis</span> <span class='ocrx_word' id='word_1_133' title='bbox 1152 2612 1254 2633; x_wconf 89' lang='grc'><strong>.....</strong></span> 
     </span>
     <span class='ocr_line' id='line_1_16' title="bbox 140 2675 1255 2762; baseline -0.005 -18"><span class='ocrx_word' id='word_1_134' title='bbox 140 2723 267 2744; x_wconf 85' lang='grc'><strong>......</strong></span> <span class='ocrx_word' id='word_1_135' title='bbox 306 2691 487 2762; x_wconf 85' lang='lat' dir='ltr'>quapropter</span> <span class='ocrx_word' id='word_1_136' title='bbox 509 2703 543 2744; x_wconf 85' lang='lat' dir='ltr'>ua</span> <span class='ocrx_word' id='word_1_137' title='bbox 564 2701 639 2761; x_wconf 89' lang='lat' dir='ltr'>quae</span> <span class='ocrx_word' id='word_1_138' title='bbox 663 2682 698 2741; x_wconf 90' lang='lat' dir='ltr'>ad</span> <span class='ocrx_word' id='word_1_139' title='bbox 718 2675 888 2741; x_wconf 83' lang='lat' dir='ltr'>uniuersam</span> <span class='ocrx_word' id='word_1_140' title='bbox 904 2699 966 2741; x_wconf 89' lang='lat' dir='ltr'>rem</span> <span class='ocrx_word' id='word_1_141' title='bbox 989 2678 1167 2760; x_wconf 88' lang='lat' dir='ltr'>pertinentia</span> <span class='ocrx_word' id='word_1_142' title='bbox 1186 2697 1255 2740; x_wconf 87' lang='lat' dir='ltr'>con·</span> 
     </span>
     <span class='ocr_line' id='line_1_17' title="bbox 140 2785 1286 2869; baseline -0.005 -18"><span class='ocrx_word' id='word_1_143' title='bbox 140 2791 256 2851; x_wconf 87' lang='lat' dir='ltr'>trabere</span> <span class='ocrx_word' id='word_1_144' title='bbox 279 2787 376 2869; x_wconf 86' lang='lat' dir='ltr'>potui,</span> <span class='ocrx_word' id='word_1_145' title='bbox 400 2807 483 2849; x_wconf 89' lang='lat' dir='ltr'>more</span> <span class='ocrx_word' id='word_1_146' title='bbox 503 2789 561 2850; x_wconf 86' lang='lat' dir='ltr'>iam</span> <span class='ocrx_word' id='word_1_147' title='bbox 584 2807 638 2868; x_wconf 88' lang='lat' dir='ltr'>per</span> <span class='ocrx_word' id='word_1_148' title='bbox 657 2788 750 2848; x_wconf 91' lang='lat' dir='ltr'>multa</span> <span class='ocrx_word' id='word_1_149' title='bbox 774 2786 844 2848; x_wconf 91' lang='lat' dir='ltr'>mihi</span> <span class='ocrx_word' id='word_1_150' title='bbox 866 2789 962 2849; x_wconf 77' lang='lat' dir='ltr'>officia</span> <span class='ocrx_word' id='word_1_151' title='bbox 985 2793 1103 2848; x_wconf 90' lang='lat' dir='ltr'>seruato</span> <span class='ocrx_word' id='word_1_152' title='bbox 1125 2785 1154 2845; x_wconf 90' lang='lat' dir='ltr'>in</span> <span class='ocrx_word' id='word_1_153' title='bbox 1176 2786 1256 2847; x_wconf 93' lang='lat' dir='ltr'>ordi·</span> <span class='ocrx_word' id='word_1_154' title='bbox 1284 2857 1286 2862; x_wconf 34' lang='lat'>‚</span> 
     </span>
     <span class='ocr_line' id='line_1_18' title="bbox 141 2891 1256 2973; baseline -0.002 -18"><span class='ocrx_word' id='word_1_155' title='bbox 141 2914 206 2956; x_wconf 90' lang='lat' dir='ltr'>nem</span> <span class='ocrx_word' id='word_1_156' title='bbox 232 2902 261 2955; x_wconf 89' lang='lat' dir='ltr'>et</span> <span class='ocrx_word' id='word_1_157' title='bbox 284 2893 365 2955; x_wconf 86' lang='lat' dir='ltr'>uelut</span> <span class='ocrx_word' id='word_1_158' title='bbox 389 2893 429 2972; x_wconf 93' lang='lat' dir='ltr'>[in</span> <span class='ocrx_word' id='word_1_159' title='bbox 452 2893 544 2970; x_wconf 89' lang='lat' dir='ltr'>bunc]</span> <span class='ocrx_word' id='word_1_160' title='bbox 572 2912 683 2973; x_wconf 85' lang='lat' dir='ltr'>corpus</span> <span class='ocrx_word' id='word_1_161' title='bbox 704 2893 824 2955; x_wconf 90' lang='lat' dir='ltr'>diducta</span> <span class='ocrx_word' id='word_1_162' title='bbox 848 2893 879 2953; x_wconf 93' lang='lat' dir='ltr'>ln</span> <span class='ocrx_word' id='word_1_163' title='bbox 901 2893 981 2954; x_wconf 84' lang='lat' dir='ltr'>bunc</span> <span class='ocrx_word' id='word_1_164' title='bbox 1011 2891 1256 2973; x_wconf 82' lang='lat' dir='ltr'>commentarium</span> 
     </span>
    </p>
   </div>
   <div class='ocr_carea' id='block_1_3' title="bbox 140 3078 1317 4305">
    <p class='ocr_par' dir='ltr' id='par_1_5' title="bbox 140 3078 1317 4210">
     <span class='ocr_line' id='line_1_19' title="bbox 209 3078 1255 3146; baseline -0.003 -15"><span class='ocrx_word' id='word_1_165' title='bbox 209 3082 299 3146; x_wconf 89' lang='lat' dir='ltr'>Incipit</span> <span class='ocrx_word' id='word_1_166' title='bbox 328 3080 451 3146; x_wconf 84' lang='lat' dir='ltr'>prologus</span> <span class='ocrx_word' id='word_1_167' title='bbox 485 3079 645 3130; x_wconf 81' lang='lat' dir='ltr'>iuliiirontini</span> <span class='ocrx_word' id='word_1_168' title='bbox 672 3081 698 3128; x_wconf 91' lang='lat' dir='ltr'>ln</span> <span class='ocrx_word' id='word_1_169' title='bbox 725 3080 788 3128; x_wconf 87' lang='lat' dir='ltr'>libro</span> <span class='ocrx_word' id='word_1_170' title='bbox 819 3079 1065 3142; x_wconf 86' lang='lat' dir='ltr'>deaqueductuurbls</span> <span class='ocrx_word' id='word_1_171' title='bbox 1094 3093 1180 3128; x_wconf 87' lang='lat' dir='ltr'>romae</span> <span class='ocrx_word' id='word_1_172' title='bbox 1209 3079 1231 3129; x_wconf 83' lang='lat'><em>0</em></span> <span class='ocrx_word' id='word_1_173' title='bbox 1251 3078 1255 3140; x_wconf 84' lang='lat' dir='ltr'>l</span> 
     </span>
     <span class='ocr_line' id='line_1_20' title="bbox 140 3165 1261 3237; baseline -0.004 -14"><span class='ocrx_word' id='word_1_174' title='bbox 140 3174 156 3222; x_wconf 87' lang='lat'><strong>2</strong></span> <span class='ocrx_word' id='word_1_175' title='bbox 175 3173 314 3222; x_wconf 85' lang='lat' dir='ltr'>naturalius</span> <span class='ocrx_word' id='word_1_176' title='bbox 331 3171 352 3221; x_wconf 81' lang='lat'><em>0</em></span> <span class='ocrx_word' id='word_1_177' title='bbox 371 3167 375 3237; x_wconf 73' lang='lat' dir='ltr'>l</span> <span class='ocrx_word' id='word_1_178' title='bbox 397 3171 505 3221; x_wconf 83' lang='lat' dir='ltr'>4mlcbi</span> <span class='ocrx_word' id='word_1_179' title='bbox 522 3171 542 3221; x_wconf 80' lang='lat'><strong><em>0</em></strong></span> <span class='ocrx_word' id='word_1_180' title='bbox 561 3168 566 3237; x_wconf 89' lang='grc' dir='ltr'>Ι</span> <span class='ocrx_word' id='word_1_181' title='bbox 587 3171 669 3222; x_wconf 77' lang='lat' dir='ltr'>dium</span> <span class='ocrx_word' id='word_1_182' title='bbox 688 3171 720 3220; x_wconf 82' lang='lat' dir='ltr'>cd</span> <span class='ocrx_word' id='word_1_183' title='bbox 735 3186 808 3219; x_wconf 86' lang='lat' dir='ltr'>usum</span> <span class='ocrx_word' id='word_1_184' title='bbox 822 3171 906 3220; x_wconf 80' lang='lat' dir='ltr'>codex</span> <span class='ocrx_word' id='word_1_185' title='bbox 928 3169 1041 3220; x_wconf 81' lang='lat' dir='ltr'>Vrbicus</span> <span class='ocrx_word' id='word_1_186' title='bbox 1061 3165 1065 3234; x_wconf 79' lang='grc' dir='ltr'>Ι</span> <span class='ocrx_word' id='word_1_187' title='bbox 1091 3172 1106 3219; x_wconf 86' lang='grc'>7</span> <span class='ocrx_word' id='word_1_188' title='bbox 1118 3185 1164 3235; x_wconf 88' lang='lat' dir='ltr'>per</span> <span class='ocrx_word' id='word_1_189' title='bbox 1180 3171 1261 3219; x_wconf 78' lang='lat' dir='ltr'>omisit</span> 
     </span>
     <span class='ocr_line' id='line_1_21' title="bbox 140 3260 1259 3336; baseline -0.001 -24"><span class='ocrx_word' id='word_1_190' title='bbox 140 3263 296 3312; x_wconf 78' lang='lat' dir='ltr'>Oasainencia</span> <span class='ocrx_word' id='word_1_191' title='bbox 314 3261 407 3310; x_wconf 74' lang='lat' dir='ltr'>codicia</span> <span class='ocrx_word' id='word_1_192' title='bbox 426 3260 596 3325; x_wconf 61' lang='lat' dir='ltr'>apographum</span> <span class='ocrx_word' id='word_1_193' title='bbox 615 3260 874 3336; x_wconf 68' lang='lat' dir='ltr'>Kellerinanni&#39;aaum,</span> <span class='ocrx_word' id='word_1_194' title='bbox 892 3263 1006 3310; x_wconf 72' lang='lat' dir='ltr'>seruauit</span> <span class='ocrx_word' id='word_1_195' title='bbox 1023 3261 1163 3309; x_wconf 83' lang='lat' dir='ltr'>Potcniana</span> <span class='ocrx_word' id='word_1_196' title='bbox 1177 3263 1259 3325; x_wconf 66' lang='grc' dir='ltr'><em>ιἠιαρο</em></span> 
     </span>
     <span class='ocr_line' id='line_1_22' title="bbox 140 3346 1317 3416; baseline 0 -16"><span class='ocrx_word' id='word_1_197' title='bbox 140 3355 284 3413; x_wconf 78' lang='lat' dir='ltr'>scripturae</span> <span class='ocrx_word' id='word_1_198' title='bbox 299 3352 349 3400; x_wconf 82' lang='lat' dir='ltr'>tab.</span> <span class='ocrx_word' id='word_1_199' title='bbox 374 3349 396 3398; x_wconf 89' lang='grc' dir='ltr'><em>Τ</em></span> <span class='ocrx_word' id='word_1_200' title='bbox 414 3346 419 3416; x_wconf 86' lang='grc' dir='ltr'>Ι</span> <span class='ocrx_word' id='word_1_201' title='bbox 440 3350 565 3400; x_wconf 71' lang='lat' dir='ltr'>celeritatis</span> <span class='ocrx_word' id='word_1_202' title='bbox 584 3353 712 3414; x_wconf 80' lang='lat' dir='ltr'>Hauptiur</span> <span class='ocrx_word' id='word_1_203' title='bbox 727 3366 788 3400; x_wconf 78' lang='lat' dir='ltr'>ncces.</span> <span class='ocrx_word' id='word_1_204' title='bbox 802 3351 880 3401; x_wconf 83' lang='lat' dir='ltr'>Rden.</span> <span class='ocrx_word' id='word_1_205' title='bbox 897 3367 952 3400; x_wconf 85' lang='lat' dir='ltr'>nou.</span> <span class='ocrx_word' id='word_1_206' title='bbox 971 3351 1020 3399; x_wconf 92' lang='lat' dir='ltr'>III</span> <span class='ocrx_word' id='word_1_207' title='bbox 1036 3364 1062 3412; x_wconf 82' lang='lat' dir='ltr'>p·</span> <span class='ocrx_word' id='word_1_208' title='bbox 1083 3350 1134 3401; x_wconf 81' lang='lat'>312</span> <span class='ocrx_word' id='word_1_209' title='bbox 1155 3351 1260 3401; x_wconf 85' lang='lat' dir='ltr'>cellnta-</span> <span class='ocrx_word' id='word_1_210' title='bbox 1313 3370 1317 3378; x_wconf 96' lang='lat'>·</span> 
     </span>
     <span class='ocr_line' id='line_1_23' title="bbox 141 3437 1260 3508; baseline -0.001 -18"><span class='ocrx_word' id='word_1_211' title='bbox 141 3443 173 3491; x_wconf 92' lang='lat' dir='ltr'>tis</span> <span class='ocrx_word' id='word_1_212' title='bbox 194 3437 237 3507; x_wconf 75' lang='lat' dir='ltr'>C}</span> <span class='ocrx_word' id='word_1_213' title='bbox 262 3439 382 3506; x_wconf 72' lang='lat' dir='ltr'>borisepl</span> <span class='ocrx_word' id='word_1_214' title='bbox 399 3441 420 3490; x_wconf 82' lang='lat' dir='ltr'><em>O</em></span> <span class='ocrx_word' id='word_1_215' title='bbox 435 3441 553 3491; x_wconf 76' lang='lat' dir='ltr'>Kettcmn.</span> <span class='ocrx_word' id='word_1_216' title='bbox 573 3442 675 3506; x_wconf 82' lang='lat' dir='ltr'>suscepi</span> <span class='ocrx_word' id='word_1_217' title='bbox 695 3441 785 3491; x_wconf 76' lang='lat' dir='ltr'>uror.</span> <span class='ocrx_word' id='word_1_218' title='bbox 818 3437 823 3508; x_wconf 86' lang='grc'>1</span> <span class='ocrx_word' id='word_1_219' title='bbox 855 3441 888 3492; x_wconf 86' lang='lat'>10</span> <span class='ocrx_word' id='word_1_220' title='bbox 901 3440 1150 3491; x_wconf 81' lang='lat' dir='ltr'>fundotusOullum</span> <span class='ocrx_word' id='word_1_221' title='bbox 1163 3440 1260 3490; x_wconf 89' lang='lat' dir='ltr'>bomini</span> 
     </span>
     <span class='ocr_line' id='line_1_24' title="bbox 141 3527 1262 3599; baseline -0.001 -18"><span class='ocrx_word' id='word_1_222' title='bbox 141 3532 221 3581; x_wconf 84' lang='lat' dir='ltr'>satius</span> <span class='ocrx_word' id='word_1_223' title='bbox 239 3529 332 3577; x_wconf 81' lang='lat' dir='ltr'>certius</span> <span class='ocrx_word' id='word_1_224' title='bbox 344 3528 474 3580; x_wconf 81' lang='lat' dir='ltr'>fundarlns</span> <span class='ocrx_word' id='word_1_225' title='bbox 489 3531 617 3596; x_wconf 82' lang='lat' dir='ltr'>Hauptlus</span> <span class='ocrx_word' id='word_1_226' title='bbox 632 3527 636 3597; x_wconf 74' lang='lat' dir='ltr'>l</span> <span class='ocrx_word' id='word_1_227' title='bbox 658 3529 684 3579; x_wconf 89' lang='lat' dir='ltr'>ll</span> <span class='ocrx_word' id='word_1_228' title='bbox 701 3539 726 3580; x_wconf 85' lang='lat' dir='ltr'>et</span> <span class='ocrx_word' id='word_1_229' title='bbox 741 3531 897 3581; x_wconf 89' lang='lat' dir='ltr'>intolerabile</span> <span class='ocrx_word' id='word_1_230' title='bbox 915 3532 991 3582; x_wconf 84' lang='lat' dir='ltr'>editio</span> <span class='ocrx_word' id='word_1_231' title='bbox 1001 3533 1121 3595; x_wconf 74' lang='lat' dir='ltr'>princeps</span> <span class='ocrx_word' id='word_1_232' title='bbox 1136 3529 1140 3599; x_wconf 74' lang='lat' dir='ltr'>l</span> <span class='ocrx_word' id='word_1_233' title='bbox 1159 3532 1189 3581; x_wconf 82' lang='lat'>12</span> <span class='ocrx_word' id='word_1_234' title='bbox 1202 3539 1262 3594; x_wconf 78' lang='lat' dir='ltr'>port</span> 
     </span>
     <span class='ocr_line' id='line_1_25' title="bbox 142 3617 1258 3685; baseline 0 -16"><span class='ocrx_word' id='word_1_235' title='bbox 142 3619 254 3669; x_wconf 81' lang='lat' dir='ltr'>osticium</span> <span class='ocrx_word' id='word_1_236' title='bbox 272 3634 324 3666; x_wconf 83' lang='lat' dir='ltr'>una</span> <span class='ocrx_word' id='word_1_237' title='bbox 335 3617 421 3668; x_wconf 84' lang='lat' dir='ltr'>littera</span> <span class='ocrx_word' id='word_1_238' title='bbox 434 3635 512 3668; x_wconf 76' lang='lat' dir='ltr'>erasa</span> <span class='ocrx_word' id='word_1_239' title='bbox 531 3623 555 3667; x_wconf 85' lang='lat' dir='ltr'>ln</span> <span class='ocrx_word' id='word_1_240' title='bbox 573 3619 728 3672; x_wconf 83' lang='lat' dir='ltr'>OKetlerm.</span> <span class='ocrx_word' id='word_1_241' title='bbox 755 3621 822 3684; x_wconf 83' lang='lat' dir='ltr'>quod</span> <span class='ocrx_word' id='word_1_242' title='bbox 834 3637 883 3671; x_wconf 84' lang='lat' dir='ltr'>non</span> <span class='ocrx_word' id='word_1_243' title='bbox 905 3629 1016 3684; x_wconf 84' lang='lat' dir='ltr'>apparet</span> <span class='ocrx_word' id='word_1_244' title='bbox 1032 3625 1057 3670; x_wconf 86' lang='lat' dir='ltr'>in</span> <span class='ocrx_word' id='word_1_245' title='bbox 1073 3622 1159 3671; x_wconf 83' lang='lat' dir='ltr'>tabula</span> <span class='ocrx_word' id='word_1_246' title='bbox 1177 3621 1232 3669; x_wconf 85' lang='lat' dir='ltr'>Pul.</span> <span class='ocrx_word' id='word_1_247' title='bbox 1254 3621 1258 3685; x_wconf 92' lang='grc' dir='ltr'>Ι</span> 
     </span>
     <span class='ocr_line' id='line_1_26' title="bbox 144 3708 1260 3776; baseline -0.003 -14"><span class='ocrx_word' id='word_1_248' title='bbox 144 3710 175 3762; x_wconf 89' lang='grc'>13</span> <span class='ocrx_word' id='word_1_249' title='bbox 195 3723 244 3773; x_wconf 90' lang='lat' dir='ltr'>quo</span> <span class='ocrx_word' id='word_1_250' title='bbox 257 3708 278 3758; x_wconf 81' lang='lat'><em>0</em></span> <span class='ocrx_word' id='word_1_251' title='bbox 291 3710 296 3767; x_wconf 91' lang='grc' dir='ltr'>Ι</span> <span class='ocrx_word' id='word_1_252' title='bbox 311 3710 435 3773; x_wconf 80' lang='lat' dir='ltr'>proecosit</span> <span class='ocrx_word' id='word_1_253' title='bbox 446 3711 470 3758; x_wconf 90' lang='lat' dir='ltr'>el</span> <span class='ocrx_word' id='word_1_254' title='bbox 488 3709 551 3759; x_wconf 83' lang='lat' dir='ltr'>adl.</span> <span class='ocrx_word' id='word_1_255' title='bbox 565 3739 574 3758; x_wconf 83' lang='lat'><strong>.</strong></span> <span class='ocrx_word' id='word_1_256' title='bbox 590 3724 652 3758; x_wconf 87' lang='lat' dir='ltr'>oruo</span> <span class='ocrx_word' id='word_1_257' title='bbox 670 3709 804 3774; x_wconf 73' lang='lat' dir='ltr'>(aeterua)</span> <span class='ocrx_word' id='word_1_258' title='bbox 820 3711 846 3771; x_wconf 86' lang='lat' dir='ltr'>C,</span> <span class='ocrx_word' id='word_1_259' title='bbox 867 3711 1006 3760; x_wconf 73' lang='lat' dir='ltr'>emendanti</span> <span class='ocrx_word' id='word_1_260' title='bbox 1017 3710 1157 3760; x_wconf 82' lang='lat' dir='ltr'>Scduttziue</span> <span class='ocrx_word' id='word_1_261' title='bbox 1173 3711 1260 3776; x_wconf 86' lang='lat' dir='ltr'>(prae-</span> 
     </span>
     <span class='ocr_line' id='line_1_27' title="bbox 142 3795 1263 3870; baseline 0 -19"><span class='ocrx_word' id='word_1_262' title='bbox 142 3802 232 3867; x_wconf 83' lang='lat' dir='ltr'>positei</span> <span class='ocrx_word' id='word_1_263' title='bbox 259 3797 397 3863; x_wconf 76' lang='lat' dir='ltr'>Hauptiuc)</span> <span class='ocrx_word' id='word_1_264' title='bbox 424 3795 429 3866; x_wconf 85' lang='grc'>1</span> <span class='ocrx_word' id='word_1_265' title='bbox 458 3799 488 3850; x_wconf 83' lang='grc'>15</span> <span class='ocrx_word' id='word_1_266' title='bbox 504 3807 561 3861; x_wconf 82' lang='lat' dir='ltr'>port</span> <span class='ocrx_word' id='word_1_267' title='bbox 579 3800 680 3870; x_wconf 74' lang='lat' dir='ltr'>agentis</span> <span class='ocrx_word' id='word_1_268' title='bbox 702 3801 812 3849; x_wconf 82' lang='lat' dir='ltr'>undecim</span> <span class='ocrx_word' id='word_1_269' title='bbox 831 3801 888 3863; x_wconf 82' lang='lat' dir='ltr'>fere</span> <span class='ocrx_word' id='word_1_270' title='bbox 908 3802 1049 3850; x_wconf 84' lang='lat' dir='ltr'>litterarum</span> <span class='ocrx_word' id='word_1_271' title='bbox 1071 3803 1177 3863; x_wconf 78' lang='lat' dir='ltr'>apuliam</span> <span class='ocrx_word' id='word_1_272' title='bbox 1199 3801 1263 3851; x_wconf 84' lang='lat' dir='ltr'>inO</span> 
     </span>
     <span class='ocr_line' id='line_1_28' title="bbox 143 3874 1262 3955; baseline -0.003 -14"><span class='ocrx_word' id='word_1_273' title='bbox 143 3908 200 3941; x_wconf 86' lang='lat' dir='ltr'>esse</span> <span class='ocrx_word' id='word_1_274' title='bbox 218 3892 311 3940; x_wconf 88' lang='lat' dir='ltr'>debent</span> <span class='ocrx_word' id='word_1_275' title='bbox 332 3890 432 3940; x_wconf 82' lang='lat' dir='ltr'>addidit</span> <span class='ocrx_word' id='word_1_276' title='bbox 451 3889 578 3938; x_wconf 78' lang='lat' dir='ltr'>locandus</span> <span class='ocrx_word' id='word_1_277' title='bbox 598 3874 704 3951; x_wconf 80' lang='lat' dir='ltr'>qnorum</span> <span class='ocrx_word' id='word_1_278' title='bbox 729 3891 777 3938; x_wconf 90' lang='lat' dir='ltr'>etsi</span> <span class='ocrx_word' id='word_1_279' title='bbox 796 3891 954 3940; x_wconf 87' lang='lat' dir='ltr'>necessariae</span> <span class='ocrx_word' id='word_1_280' title='bbox 973 3900 1072 3955; x_wconf 86' lang='lat' dir='ltr'>partos,</span> <span class='ocrx_word' id='word_1_281' title='bbox 1099 3900 1158 3940; x_wconf 88' lang='lat' dir='ltr'>sunt</span> <span class='ocrx_word' id='word_1_282' title='bbox 1176 3891 1262 3938; x_wconf 87' lang='lat' dir='ltr'>ad·-</span> 
     </span>
     <span class='ocr_line' id='line_1_29' title="bbox 142 3976 1255 4048; baseline -0.002 -17"><span class='ocrx_word' id='word_1_283' title='bbox 142 3984 244 4048; x_wconf 81' lang='lat' dir='ltr'>agentls</span> <span class='ocrx_word' id='word_1_284' title='bbox 265 3983 375 4031; x_wconf 68' lang='lat' dir='ltr'>Polemio</span> <span class='ocrx_word' id='word_1_285' title='bbox 390 3977 395 4047; x_wconf 88' lang='grc'>1</span> <span class='ocrx_word' id='word_1_286' title='bbox 412 3979 444 4030; x_wconf 82' lang='lat' dir='ltr'>ld</span> <span class='ocrx_word' id='word_1_287' title='bbox 461 3979 674 4045; x_wconf 82' lang='lat' dir='ltr'>perertluentiaG</span> <span class='ocrx_word' id='word_1_288' title='bbox 688 3976 692 4045; x_wconf 80' lang='grc' dir='ltr'>Ι</span> <span class='ocrx_word' id='word_1_289' title='bbox 716 3988 803 4028; x_wconf 83' lang='lat' dir='ltr'>contra</span> <span class='ocrx_word' id='word_1_290' title='bbox 817 3998 844 4031; x_wconf 88' lang='lat' dir='ltr'>re</span> <span class='ocrx_word' id='word_1_291' title='bbox 857 3981 895 4044; x_wconf 83' lang='grc'>01</span> <span class='ocrx_word' id='word_1_292' title='bbox 918 3982 950 4031; x_wconf 87' lang='grc'>17</span> <span class='ocrx_word' id='word_1_293' title='bbox 967 3980 1028 4028; x_wconf 90' lang='lat' dir='ltr'>mihi</span> <span class='ocrx_word' id='word_1_294' title='bbox 1041 3976 1082 4046; x_wconf 72' lang='lat' dir='ltr'>Ol</span> <span class='ocrx_word' id='word_1_295' title='bbox 1104 3977 1201 4028; x_wconf 74' lang='lat' dir='ltr'>stru‘lto</span> <span class='ocrx_word' id='word_1_296' title='bbox 1218 3980 1238 4029; x_wconf 84' lang='lat'><em>0</em></span> <span class='ocrx_word' id='word_1_297' title='bbox 1251 3976 1255 4045; x_wconf 86' lang='grc' dir='ltr'>Ι</span> 
     </span>
     <span class='ocr_line' id='line_1_30' title="bbox 143 4054 1259 4141; baseline -0.005 -21"><span class='ocrx_word' id='word_1_298' title='bbox 143 4071 274 4120; x_wconf 88' lang='lat' dir='ltr'>bordlnem</span> <span class='ocrx_word' id='word_1_299' title='bbox 292 4068 335 4141; x_wconf 76' lang='grc'>01</span> <span class='ocrx_word' id='word_1_300' title='bbox 360 4070 392 4122; x_wconf 89' lang='grc'>18</span> <span class='ocrx_word' id='word_1_301' title='bbox 409 4071 435 4119; x_wconf 90' lang='lat' dir='ltr'>in</span> <span class='ocrx_word' id='word_1_302' title='bbox 454 4054 521 4118; x_wconf 79' lang='lat' dir='ltr'>huuc</span> <span class='ocrx_word' id='word_1_303' title='bbox 542 4070 627 4120; x_wconf 84' lang='lat' dir='ltr'>deleui</span> <span class='ocrx_word' id='word_1_304' title='bbox 646 4071 723 4120; x_wconf 86' lang='lat' dir='ltr'>ueluti</span> <span class='ocrx_word' id='word_1_305' title='bbox 743 4085 835 4136; x_wconf 89' lang='lat' dir='ltr'>corpus</span> <span class='ocrx_word' id='word_1_306' title='bbox 856 4070 996 4119; x_wconf 74' lang='lat' dir='ltr'>Schultziue</span> <span class='ocrx_word' id='word_1_307' title='bbox 1015 4066 1020 4135; x_wconf 89' lang='grc' dir='ltr'>Ι</span> <span class='ocrx_word' id='word_1_308' title='bbox 1043 4069 1149 4118; x_wconf 79' lang='lat' dir='ltr'>deductu</span> <span class='ocrx_word' id='word_1_309' title='bbox 1169 4069 1196 4126; x_wconf 82' lang='lat'>0,</span> <span class='ocrx_word' id='word_1_310' title='bbox 1216 4085 1259 4118; x_wconf 83' lang='lat' dir='ltr'>em.</span> 
     </span>
     <span class='ocr_line' id='line_1_31' title="bbox 146 4160 309 4210; baseline 0.006 -1"><span class='ocrx_word' id='word_1_311' title='bbox 146 4160 309 4210; x_wconf 76' lang='lat' dir='ltr'>tiedericbius</span> 
     </span>
    </p>

    <p class='ocr_par' dir='ltr' id='par_1_6' title="bbox 196 4252 1055 4305">
     <span class='ocr_line' id='line_1_32' title="bbox 196 4252 1055 4305; baseline 0.002 -12"><span class='ocrx_word' id='word_1_312' title='bbox 196 4262 352 4298; x_wconf 81' lang='lat' dir='ltr'>rnonrruvs</span> <span class='ocrx_word' id='word_1_313' title='bbox 368 4263 403 4296; x_wconf 82' lang='lat' dir='ltr'>na</span> <span class='ocrx_word' id='word_1_314' title='bbox 419 4262 500 4305; x_wconf 71' lang='lat' dir='ltr'>novas</span> <span class='ocrx_word' id='word_1_315' title='bbox 1043 4252 1055 4304; x_wconf 92' lang='lat'>1</span> 
     </span>
    </p>
   </div>
   <div class='ocr_carea' id='block_1_4' title="bbox 0 0 1414 4896">
    <p class='ocr_par' dir='ltr' id='par_1_7' title="bbox 0 0 1414 4896">
     <span class='ocr_line' id='line_1_33' title="bbox 0 0 1414 4896; baseline 0 0"><span class='ocrx_word' id='word_1_316' title='bbox 0 0 1414 4896; x_wconf 95' lang='lat' dir='ltr'> </span> 
     </span>
    </p>
   </div>
  </div>
 </body>
</html>
