2798 4896
406 256 567 307 nannum
591 253 685 310 veens
709 255 819 297 nonan
841 254 936 295 urens
958 253 970 295 1
1203 236 1245 297 ,17
1321 237 1324 244 ’

134 430 223 490 quam
245 408 402 479 tredecim,
425 416 454 468 st
471 426 506 468 cx
528 405 716 479 centenaria,
739 423 827 482 quam
842 402 1060 485 ampliauernnt
1081 421 1156 481 eque
1170 421 1253 465 cert-v

135 527 233 578 tenum
254 517 389 574 tricenum
414 519 527 573 certum
542 518 587 570 cst
608 508 675 570 illos
691 528 750 570 non
766 528 888 589 erogare
910 511 965 572 nisi
981 511 1017 571 ad
1036 511 1175 572 artiorem
1191 529 1247 571 nu·

134 640 264 690 merum,
287 619 355 696 quia
373 619 479 680 Caesar
496 614 660 676 secundum
679 633 749 675 suos
767 618 1011 687 commentarios,
1031 635 1098 677 cum
1118 635 1154 676 ex
1174 635 1247 694 qua·

135 745 192 805 que
214 722 383 784 centenaria
398 719 526 802 expleuit
541 717 691 797 quinarias
715 723 862 799 octoginta
878 743 967 784 unam
982 721 1151 791 semissem,
1174 721 1245 783 item

110 851 172 894 sex
189 838 347 893 centenum
364 829 502 889 nicenum
514 823 664 902 quinarias
681 826 839 904 nonaginta
855 838 930 900 octo,
945 836 1095 906 tamquam
1105 827 1247 889 exhausto

136 938 255 1000 modulo
276 934 385 998 desinit
411 931 598 993 distribuere.
628 929 662 990 ln
684 950 797 992 summa
815 932 927 994 moduli
951 941 1021 995 sunt
1035 933 1088 992 Xll
1102 933 1286 1011 quinquosst

139 1063 242 1107 omnes
266 1040 455 1104 consentiunt
475 1046 504 1096 et
524 1034 632 1096 rationi
652 1045 682 1097 et
703 1037 921 1098 commentariis
942 1039 1072 1119 exceptis
1094 1038 1143 1100 his
1163 1047 1247 1117 qnat-

137 1159 221 1222 tuor,
237 1168 312 1227 quos
330 1143 442 1224 aquarii
460 1147 658 1202 nouauerunt.
695 1141 791 1202 omnia
808 1150 907 1204 autem
929 1161 1004 1220 quae
1020 1163 1160 1207 mensura
1177 1165 1248 1207 con-

137 1259 283 1326 tinentur,
308 1259 388 1314 certa
405 1255 434 1308 et
454 1243 614 1307 immobilia
632 1264 794 1324 congruere
813 1247 869 1308 sibi
888 1248 1013 1325 debent;
1035 1252 1074 1314 ita
1089 1253 1168 1313 enim
1183 1253 1249 1314 uni·

102 1381 125 1421 to
140 1361 274 1424 uersitati
303 1358 377 1419 ratio
393 1351 550 1415 constabit.
594 1358 623 1410 et
638 1354 885 1427 quemadmodum
904 1354 987 1416 uerbi
1011 1357 1103 1434 gratia
1130 1357 1247 1419 sextarii

138 1466 212 1528 ratio
227 1466 263 1526 sd
280 1471 395 1543 nyctos,
412 1459 499 1520 modii
515 1476 587 1518 uero
602 1463 630 1518 et
647 1458 683 1518 ad
699 1458 842 1518 sextarios
858 1465 887 1520 et
901 1462 937 1521 ad
955 1470 1054 1540 cyatos
1070 1463 1246 1542 respondet:

139 1574 178 1636 ita
194 1579 224 1633 et
238 1569 437 1648 quinariarum
445 1562 650 1644 multiplicatio
664 1562 694 1622 in
706 1562 899 1642 amplioribus
913 1567 1040 1627 modulis
1049 1586 1248 1629 seruarecon·

140 1677 310 1756 sequentiae
327 1693 398 1736 snae
413 1670 545 1750 regulam
560 1668 657 1729 debet.
695 1668 804 1746 alioqui
820 1686 887 1729 cum
903 1671 931 1730 in
948 1673 1113 1751 erogatorio
1130 1674 1249 1736 modulo

140 1784 237 1844 minus
259 1781 425 1848 inuenitur,
452 1777 482 1838 in
503 1771 671 1854 acceptorio
695 1773 781 1853 plus,
805 1775 926 1854 adparet
947 1796 1006 1838 non
1028 1798 1161 1840 errorem
1182 1799 1249 1840 esse

104 1896 188 1950 lasci
213 1888 356 1949 fraudem.

226 1989 445 2054 Meminerimus
467 2006 583 2049 omnem
602 2004 722 2063 aquam,
745 1985 882 2063 quotiens
899 2005 935 2048 eu
952 1992 1060 2050 altiore.
1080 1991 1146 2053 loco
1168 1991 1249 2052 uenit
1259 2000 1291 2050 35

143 2108 172 2160 et
186 2100 261 2160 intra
277 2099 370 2159 breue
386 2095 513 2175 spatium
529 2094 559 2153 in
575 2091 729 2159 castellum
751 2092 840 2164 cadit,
863 2113 922 2155 non
938 2103 1052 2157 tantum
1067 2096 1249 2176 respondere

143 2204 262 2266 modulo
284 2222 339 2264 suo
361 2207 406 2260 set
423 2199 511 2260 etiam
528 2195 705 2271 exuberare;
728 2197 866 2273 quotiens
885 2218 956 2262 uero
972 2221 1007 2261 ex
1029 2200 1199 2273 humiliore,
1223 2202 1252 2262 id

144 2318 191 2371 est
205 2309 317 2370 minore
333 2324 487 2387 pressura,
503 2303 620 2382 longius
632 2303 764 2374 ducitur,
782 2304 906 2380 segnitia
923 2306 1030 2368 ductus
1045 2307 1164 2368 modurn
1180 2325 1254 2384 quo·

106 2440 132 2480 so
144 2433 201 2493 qne
220 2415 400 2495 deperderc;
420 2420 450 2472 et
471 2412 537 2472 ideo
560 2409 723 2471 secundum
746 2409 821 2472 hanc
841 2409 986 2472 rationem
1002 2420 1051 2474 aut
1074 2414 1253 2475 onerandam

146 2538 212 2581 esse
228 2518 397 2597 erogatione
414 2524 464 2578 aut
478 2516 678 2577 releuandam.

231 2625 283 2686 Set
312 2632 341 2684 et
363 2626 466 2685 calicis
493 2622 599 2703 positio
621 2621 710 2683 hahet
735 2629 927 2684 momentum.
971 2625 1003 2684 in
1027 2632 1144 2685 rectum
1166 2631 1195 2684 ct
1215 2625 1251 2686 ad
1261 2632 1294 2684 36

145 2730 248 2791 libram
268 2728 579 2791 conlocatnsmodum
599 2734 713 2797 seruat,
736 2727 772 2787 ad
793 2746 914 2787 cursum
935 2747 1028 2806 aquae
1050 2729 1203 2810 obpositus
1225 2737 1254 2790 et

146 2835 277 2896 deuexas
298 2833 424 2913 amplius
446 2833 539 2912 rapit,
562 2832 693 2897 adlatus
715 2833 932 2912 praetereuntis
954 2854 1046 2914 aquae
1067 2835 1206 2898 inuersus
1226 2847 1256 2897 et

109 2959 134 2998 rs
148 2941 287 3020 supinus,
310 2939 339 3002 id
363 2946 409 2999 cst
429 2938 466 2999 ad
485 2936 622 2998 haustum
644 2938 780 3017 pronior,
803 2939 934 3017 segniter
956 2950 984 3002 et
1000 2944 1137 3022 exiguum
1155 2944 1255 3005 sumit.

218 3058 230 3108 l
250 3072 315 3120 eque
333 3066 467 3106 centenum
486 3057 602 3106 nicenum
620 3057 714 3119 scripsi
730 3072 794 3121 eque
812 3061 879 3122 quod
895 3075 976 3125 aeque
994 3062 1259 3126 interpretabanturG

149 3163 181 3197 ex
197 3148 341 3198 centenaria
359 3155 383 3197 et
400 3157 534 3196 centenum
548 3147 664 3197 nicenum
681 3165 744 3212 quas
757 3150 942 3214 ampliauerunt
955 3151 1094 3204 Schultzius
1113 3154 1117 3217 1
1139 3154 1258 3204 dsemis-

150 3240 332 3304 semssPolenus
354 3254 382 3288 se
394 3267 542 3288 .........
557 3238 578 3288 0
598 3239 602 3301 1
622 3239 819 3290 snxxxxvu
838 3247 862 3288 et
877 3241 1025 3291 dodrantem
1043 3243 1151 3293 Polenus
1171 3243 1175 3306 1
1196 3249 1259 3292 tam·

149 3346 225 3394 quarn
243 3333 284 3380 uel
301 3338 432 3392 tumquam
449 3327 519 3392 016
537 3327 597 3392 ΧΧ]
618 3330 714 3379 moduli
732 3331 800 3395 quod
813 3332 893 3393 primo
910 3331 1052 3393 scripserat
1070 3334 1156 3383 eodem
1174 3347 1260 3382 manus

149 3421 242 3470 deleuit
260 3427 285 3470 et
305 3417 356 3468 XX
372 3420 534 3483 superposuit
549 3419 607 3470 int)
626 3419 629 3484 1
650 3421 667 3471 8
683 3422 823 3472 continetur
838 3419 859 3468 0
878 3418 881 3483 1
908 3419 941 3470 10
957 3421 1051 3487 11101
1073 3421 1103 3472 11
1123 3423 1260 3487 respondet

149 3511 242 3572 scripsi
258 3509 412 3575 respondent
428 3508 471 3571 01
496 3509 528 3559 14
547 3519 677 3576 receptore
695 3511 737 3574 01
765 3513 869 3578 abparet
888 3511 931 3577 01
957 3512 1232 3563 ltiMemineromusC
1253 3510 1257 3577 1

151 3616 183 3649 ex
193 3600 282 3649 altiore
300 3600 354 3649 loco
370 3599 488 3649 Pithoeus
504 3615 536 3648 ex
545 3628 642 3650 ......
655 3615 669 3650 o
689 3603 709 3652 0
727 3602 731 3663 1
753 3601 784 3652 17
802 3609 863 3650 s.at
879 3617 936 3651 cum
955 3602 983 3668 0,
1001 3620 1045 3654 em.
1066 3603 1192 3654 locandus
1208 3603 1211 3665 Ι
1230 3603 1261 3654 18

152 3689 268 3750 Quotien'
282 3689 320 3752 01
337 3689 369 3741 19
383 3690 482 3738 ducitur
499 3692 593 3753 scripsi
609 3691 715 3741 ducetur
728 3692 765 3754 01
786 3691 819 3742 20
837 3693 986 3758 deperderet
998 3694 1026 3756 0,
1046 3710 1090 3748 em.
1109 3688 1260 3761 Schultziusl

153 3779 282 3828 oneranda
300 3777 331 3839 0,
351 3795 394 3831 em.
416 3781 455 3830 ed.
476 3779 560 3835 Basit.
588 3781 592 3845 1
622 3781 654 3831 nt
675 3784 847 3848 erogationem
867 3785 906 3834 ed.
932 3784 1015 3836 Basil.
1042 3784 1047 3848 1
1073 3783 1211 3833 releuanda
1233 3783 1261 3841 0,

153 3887 198 3923 ent.
218 3872 259 3920 ed.
282 3869 365 3920 Basil.
386 3867 391 3934 1
413 3871 446 3919 22
467 3871 553 3920 calicis
573 3873 633 3922 add.
657 3872 783 3922 locandus
803 3872 1008 3936 123librem0
1032 3875 1036 3938 1
1063 3884 1148 3925 seruat
1171 3875 1263 3925 Iocua-

152 3961 200 4010 dus
223 3962 335 4010 seruauit
353 3961 375 4011 0
397 3959 401 4022 l
429 3961 463 4010 24
481 3961 583 4011 inersus
604 3962 624 4012 0
646 3964 755 4012 cuicum
775 3964 881 4012 cuersus
904 3965 1046 4014 simillimum
1067 3967 1102 4015 sit
1124 3979 1262 4014 conuersus

152 4051 208 4101 cod.
232 4049 296 4100 Vrd.
320 4048 324 4111 1
344 4047 378 4098 25
397 4051 477 4099 malim
495 4051 522 4100 id
540 4059 578 4101 est
589 4078 620 4087 —
633 4053 736 4117 pronior
753 4053 790 4102 od
805 4053 937 4117 obpositae
959 4062 983 4103 et
1005 4054 1119 4106 deuexas
1138 4057 1264 4119 interpre-

152 4141 225 4189 tandi
240 4153 333 4188 caussa
351 4141 504 4203 adscriptum
519 4142 633 4192 iudicare
655 4142 658 4205 1
679 4145 792 4208 segniter
811 4151 835 4191 et
858 4143 951 4205 scripsi
976 4143 1119 4207 segniterer
1135 4142 1155 4192 0
1177 4143 1264 4209 segni-

155 4239 191 4278 ter
209 4230 265 4280 cod.
289 4228 354 4280 Vrd.

207 4330 357 4367 raournws
373 4333 407 4366 nn
424 4333 507 4377 sores
1015 4317 1034 4378 2
