2798 4896
138 234 179 295 42
562 247 642 289 rvnu
664 249 821 291 rnourrur

80 417 131 470 107
138 403 196 465 riui
219 408 269 464 aut
293 398 408 462 fistulae
428 397 563 479 publicae
589 400 759 478 frequenter
783 399 962 462 lacerentur.
1006 398 1053 459 ius
1076 397 1254 478 impetratae

139 527 231 588 aquae
252 525 349 585 neque
363 505 500 567 heredem
518 523 614 583 neque
630 513 792 584 emptorem
808 524 902 583 neque
919 505 1010 566 ullum
1030 522 1140 565 nouurn
1155 502 1256 564 domi·

139 634 210 676 num
229 612 415 694 praediorum
434 610 576 690 seqnitur.
605 609 718 671 balneis
741 628 817 689 quae
833 609 951 690 publice
974 609 1108 672 lauarent
1129 609 1255 690 priuile-

140 722 219 801 gium
235 719 398 797 antiquitus
414 717 644 788 concedebatur,
661 723 694 778 ut
709 717 801 777 semel
818 718 884 779 data
900 734 974 793 aqua
989 724 1134 797 perpetuo
1149 735 1255 778 inane-

140 835 195 889 ret.
235 825 277 887 sic
298 843 333 884 ex
354 822 506 884 ueteribus
528 828 649 884 senatus
674 822 818 883 consultis
840 823 1062 900 cognoscimus,
1085 841 1120 882 ex
1141 822 1282 901 quibuss

142 950 233 995 unum
256 929 378 991 subieci.
408 946 488 989 nunc
505 927 602 988 omnis
618 945 711 1006 aquae
726 910 793 989 cum
807 947 981 1007 possessore
1002 928 1185 989 instauratur
1200 927 1255 988 be-

85 1047 133 1098 108
142 1037 290 1099 aeficium.
335 1035 432 1104 ‘Quod
450 1037 484 1105 Q·
500 1033 599 1094 delius
622 1032 739 1095 Tubero
760 1033 869 1096 Paulus
891 1033 1000 1096 Fabius
1027 1033 1168 1095 Maximus
1188 1053 1254 1096 cos.

142 1144 174 1203 V.
190 1143 221 1203 F.
239 1139 379 1202 constitui
396 1145 547 1219 oportere,
570 1157 628 1216 quo
649 1138 712 1200 iure
727 1147 816 1199 extro
837 1139 972 1217 intraque
989 1138 1092 1201 urbem
1108 1139 1254 1201 ducerent

141 1268 248 1330 aquas,
268 1245 377 1325 quibus
400 1246 564 1308 adtributae
580 1253 694 1316 essem,
719 1246 753 1317 Q.
773 1247 806 1309 11.
823 1246 856 1309 Ε.
872 1246 907 1305 R.
925 1246 955 1307 F.
970 1245 1002 1306 P.
1022 1245 1062 1304 D.·
1070 1247 1107 1305 E.
1124 1246 1162 1309 R.
1179 1245 1202 1305 l.
1219 1247 1252 1308 G.

143 1355 184 1417 uti
200 1371 295 1432 usque
311 1371 347 1413 eo
368 1359 502 1414 maneret
520 1349 678 1412 adtributio
694 1371 850 1429 aquarum,
872 1354 1002 1434 exeeptis
1019 1371 1095 1433 quae
1115 1352 1145 1412 in
1163 1369 1253 1413 usum
1269 1369 1294 1410 ro

141 1460 316 1522 balnearum
335 1469 436 1522 essent
458 1459 543 1519 datae
566 1463 617 1517 aut
631 1456 756 1518 haustus
773 1460 907 1528 nomine,
929 1462 1025 1539 quoad
1044 1460 1123 1521 idem
1139 1457 1254 1521 domini

86 1573 134 1629 109
142 1567 330 1649 possiderent
350 1565 379 1626 id
399 1562 510 1634 solum,
533 1562 564 1622 in
585 1561 662 1639 quod
678 1563 864 1643 accepissent
882 1572 1009 1644 aquam!
1047 1567 1122 1628 Cum
1144 1583 1252 1627 uacare

142 1675 256 1753 aliquae
278 1674 440 1752 coeperunt
460 1685 568 1745 aquae,
590 1667 780 1730 adnuntiatur
799 1680 829 1732 ct
851 1673 880 1734 in
899 1673 1126 1735 commentarios
1146 1671 1254 1750 redigi-

142 1786 204 1849 tur,
229 1778 279 1856 qui
297 1773 498 1863 respiciuntur
523 1780 554 1833 ut
576 1773 751 1851 petitoribus
773 1795 808 1837 ex
829 1777 931 1839 uacuis
955 1778 1016 1839 dari
1035 1778 1162 1858 possint.
1197 1777 1252 1838 bas

142 1903 233 1962 aquas
256 1882 353 1945 statim
374 1878 554 1958 intercipere
579 1877 727 1950 solebant,
756 1888 787 1942 ut
813 1882 908 1945 medio
931 1891 1064 1964 tempore
1086 1884 1253 1944 uenderent
1268 1895 1293 1936 1⁵

142 1996 193 2049 aaut
214 1988 439 2068 possessoribus
462 1986 648 2066 praediorum
670 1995 720 2046 aut
742 1986 806 2048 aliis
834 1988 932 2049 etiam.
954 1989 1111 2052 humanius
1132 1983 1252 2070 [etiam]

143 2094 240 2155 uisum
261 2099 306 2153 est
327 2092 454 2172 principi
473 2098 591 2160 nostro,
614 2108 650 2150 ne
672 2091 790 2170 praedia
813 2093 910 2156 subito
932 2094 1178 2163 destituerentur,
1201 2091 1255 2153 tri-

142 2200 220 2278 ginta
242 2198 357 2260 dicrum
372 2197 500 2279 spatium
521 2195 680 2274 indulgeri,
701 2197 778 2259 intra
799 2199 877 2276 quod
894 2199 914 2260 ii
934 2201 971 2261 ad
993 2218 1068 2279 quos
1090 2217 1139 2260 res
1162 2197 1255 2279 perti-

143 2315 227 2368 neret
248 2304 301 2368 **.
345 2306 382 2366 de
405 2323 481 2382 aqua
508 2302 537 2363 in
558 2302 677 2382 praedia
701 2302 849 2367 sociorum
875 2307 941 2368 data
965 2306 1037 2367 nibil
1059 2304 1252 2368 constitutum

141 2411 271 2472 inuenio.
306 2411 428 2490 perinde
445 2418 544 2472 tamen
559 2408 735 2471 obseruator
758 2428 792 2471 ac
814 2410 877 2472 iure
897 2419 1030 2482 cautum,
1051 2418 1083 2472 ut
1100 2411 1171 2470 dum
1186 2409 1253 2487 quis
1268 2427 1294 2467 ro

143 2536 176 2579 er
204 2515 240 2578 iis
268 2515 318 2595 qui
341 2515 536 2577 communiter
559 2515 793 2594 impetrauerunt
821 2524 1010 2600 superesset,
1038 2524 1118 2578 totus
1146 2516 1253 2577 medus

141 2621 270 2703 praediis
281 2621 453 2700 adsignatus
468 2622 573 2682 llueret
585 2629 614 2682 et
630 2629 701 2683 tunc
717 2623 835 2686 demum
852 2633 1048 2686 reuocaretur
1065 2621 1253 2693 beneficium,

143 2750 210 2792 cum
233 2729 361 2790 desisset
382 2727 507 2806 quisque
529 2746 564 2788 ex
591 2727 627 2789 iis
651 2729 759 2806 quibus
782 2732 882 2792 datum
904 2737 966 2792 erat
991 2729 1155 2810 possidere.
1199 2728 1255 2789 im-

143 2842 288 2917 petratam
309 2851 414 2913 aquam
431 2831 508 2904 alio,
525 2851 613 2911 quam
630 2835 660 2896 in
685 2854 719 2897 ea
741 2837 860 2916 praedia
881 2837 912 2896 in
933 2854 1008 2913 quae
1027 2836 1093 2897 data
1110 2833 1179 2903 erit,
1202 2842 1254 2894 aut

143 2962 179 3003 ex
199 2941 257 3004 alio
275 2940 410 3010 castello,
433 2957 521 3015 quam
544 2957 578 2998 er
595 2957 654 3016 quo
676 2941 801 3020 epistula
823 2940 965 3022 principis
986 2939 1160 3009 continebit,
1185 2939 1253 3001 duci
1268 2969 1293 3010 25

87 3066 135 3117 110
145 3048 270 3129 palamst
294 3064 353 3107 non
373 3051 528 3123 oportere;
551 3053 596 3105 set
617 3053 646 3105 et
667 3046 811 3108 mandatis
832 3046 1016 3125 prohibetur.
1059 3046 1254 3128 impetrantur

143 3158 242 3214 autern
264 3157 293 3211 et
315 3168 367 3210 eae
387 3168 480 3228 aquae
502 3168 576 3228 quae
598 3152 726 3213 caducae
749 3159 908 3223 uocantur,
931 3152 961 3213 id
983 3159 1028 3214 est
1050 3171 1125 3230 quae
1148 3158 1198 3214 aut
1219 3171 1255 3213 ex

215 3405 422 3458 llocerenturC
436 3405 440 3469 Ι
455 3407 471 3454 2
486 3403 614 3454 bominum
633 3404 672 3468 θΙ
692 3406 707 3454 5
726 3405 789 3454 sieut
808 3407 863 3455 cod.
886 3405 948 3456 Vre.
965 3407 969 3471 Ι
986 3408 1001 3456 7
1018 3405 1049 3472 Q]
1071 3422 1119 3471 que
1135 3405 1173 3470 Cl
1194 3421 1254 3457 con-

144 3499 220 3550 suto
239 3500 244 3563 Ι
264 3498 352 3548 8iure
370 3497 436 3545 iutra
454 3496 497 3558 qui
517 3496 605 3544 urbem
624 3495 727 3545 orfeu
752 3497 817 3544 intra
825 3525 920 3547 ......
932 3499 974 3561 qui
1002 3499 1023 3547 0
1048 3497 1102 3546 Pol.
1119 3499 1186 3547 unde
1202 3498 1255 3547 Po·

142 3594 214 3641 lenus
234 3603 288 3637 eum
305 3587 361 3640 eod.
385 3586 448 3637 Vrb.
470 3587 536 3635 intro
552 3593 672 3649 extraque
693 3584 697 3651 Ι
717 3585 733 3634 ‘l
752 3587 779 3636 F.
796 3586 923 3638 Ioermdue
942 3590 960 3636 l.
983 3589 1004 3638 θ
1023 3587 1028 3654 Ι
1048 3589 1076 3637 Ε.
1088 3588 1149 3640 add.
1163 3587 1256 3639 Iocari·

143 3681 225 3730 dueR.
240 3679 301 3728 add.
309 3678 349 3727 ed.
357 3679 516 3727 Pariuiuiona
531 3675 535 3739 Ι
551 3676 648 3727 Codri.
667 3675 793 3726 Ioceaclas
808 3679 812 3740 Ι
830 3676 862 3726 10
874 3678 910 3725 uti
924 3692 1005 3740 usque
1023 3693 1053 3727 eo
1067 3679 1161 3740 scripsi
1177 3685 1205 3726 ut
1215 3679 1255 3727 ius

144 3786 224 3835 eoque
240 3771 261 3820 G
277 3769 313 3818 nti
329 3768 359 3818 iis
377 3784 490 3833 eousque
506 3767 662 3820 Corradinue
680 3767 712 3816 rie
724 3767 794 3817 Atlio
809 3765 813 3832 Ι
830 3767 879 3830 qud
896 3767 916 3817 0
934 3765 939 3830 Ι
960 3768 1024 3836 llq
1041 3768 1073 3817 ad
1089 3770 1117 3817 id
1132 3767 1255 3831 estquod

144 3864 177 3913 ad
197 3863 217 3913 0
235 3862 239 3926 Ι
263 3861 294 3912 13
311 3859 410 3924 alioque
428 3860 449 3910 0
470 3859 474 3926 Ι
501 3858 672 3910 adnundiutur
691 3857 712 3907 C
734 3854 738 3921 Ι
765 3857 796 3907 15
819 3859 969 3924 intercipere
990 3861 1124 3922 proposuit
1148 3861 1258 3909 Poleour

144 3952 294 4004 intercidere
318 3951 339 4001 0
362 3947 367 4015 Ι
395 3950 426 4001 lo
443 3952 516 4001 etiam
543 3949 625 4000 deleri
650 3951 723 3999 iussit
747 3946 892 4011 Opsopneus
926 3956 1010 3998 autem
1035 3953 1099 4001 enai.
1125 3948 1255 4012 Polenael

146 4044 178 4096 lo
194 4043 335 4094 nutriendum
353 4057 405 4110 earn
421 4039 556 4090 Iordansio
572 4042 590 4092 l.
609 4041 626 4088 l.
641 4053 669 4100 p.
688 4037 737 4088 49:
761 4046 846 4104 petere
866 4047 971 4104 possent
994 4040 1109 4090 beneficii
1131 4040 1257 4088 instaure—
1277 4039 1282 4047 ’

145 4135 238 4184 tionem
254 4133 258 4198 Ι
274 4135 333 4197 iqua
348 4119 386 4195 οἸ
402 4129 476 4179 nichil
490 4130 510 4179 C
524 4130 528 4196 Ι
544 4129 576 4179 ’13
597 4130 730 4193 quisquam
750 4129 770 4179 0
789 4129 793 4196 Ι
817 4129 976 4195 possiderere
995 4130 1016 4180 θ
1029 4128 1033 4196 Ι
1048 4133 1184 4196 Impetrate
1196 4129 1257 4196 (im-

145 4223 244 4291 petrati
263 4222 283 4272 0
300 4220 370 4286 Pol.)
384 4235 451 4284 aquo
466 4220 487 4270 0
505 4221 510 4284 Ι
536 4221 570 4270 24
588 4220 635 4269 erit
651 4223 746 4283 scripsi
758 4228 809 4290 erat
830 4222 851 4271 0
870 4217 874 4284 Ι
894 4223 926 4271 27
940 4236 970 4271 ae
988 4221 1104 4285 eequeO
