2798 4896
147 245 188 306 34
224 298 228 303 .
570 261 650 303 1vn11
672 261 830 305 rnourrm

147 416 201 477 dea
222 412 372 482 consistit,
397 411 445 472 cui
467 430 521 490 par
543 411 614 472 nibil
634 421 664 471 et
686 412 758 472 nibil
777 412 969 488 seeunduml,
993 418 1021 472 et
1040 412 1133 491 magis
1153 412 1270 476 sentiet

148 519 305 581 salubritas
329 517 460 579 eiusdem
490 512 640 599 [aeternae
665 512 759 600 urbis]
787 524 875 578 aucto
897 518 1100 589 castellorum,
1126 539 1268 599 operum,

149 643 305 686 munerum
325 629 354 682 et
374 622 490 683 lacuum
511 639 644 683 numero.
676 639 733 682 nec
751 623 850 684 minus
870 623 906 682 ad
923 623 1056 701 priuatos
1075 625 1267 686 commodum

148 749 184 791 ex
201 731 382 791 incremento
397 727 608 789 beneficiorum
624 727 688 788 eius
704 727 891 803 diffunditur;
912 728 953 789 illi
969 728 1150 806 quodnequi
1166 730 1266 792 timidi

148 835 290 896 inlicitam
307 851 413 910 aquam
432 834 593 904 ducebant,
619 833 716 894 securi
735 852 814 894 nunc
829 852 863 893 rx
880 833 1032 894 beneficiis
1047 834 1196 895 fruuntur.
1222 852 1296 895 nes

149 946 307 1021 pereuntes
321 939 439 1016 quidem
455 957 547 1016 aquae
563 939 673 1000 otiosae
688 947 773 999 sunt:
794 938 848 998 alia
862 937 1072 999 munditiarum
1087 939 1192 1011 iacies,
1207 958 1267 1019 pu-

150 1045 211 1106 rior
227 1044 362 1125 spiritus,
386 1051 415 1104 et
437 1063 543 1105 causae
566 1045 710 1123 grauioris
731 1045 804 1106 caeli
823 1043 932 1122 quibus
953 1051 1024 1123 aput
1044 1051 1160 1105 ueteres
1179 1044 1266 1106 urbis

151 1151 268 1212 infamis
291 1169 341 1211 aer
356 1151 425 1219 luit,
452 1159 520 1212 sunt
541 1158 679 1212 remotae.
724 1168 783 1210 non
804 1150 944 1228 praeterit
969 1169 1030 1216 me,
1056 1149 1156 1210 deberi
1180 1150 1266 1229 operi

151 1274 245 1317 nouae
263 1255 440 1334 erogationis
461 1257 692 1333 ordinationem;
708 1263 753 1316 set
767 1256 841 1315 baec
859 1274 925 1317 cum
944 1257 1125 1316 incremento
1141 1253 1268 1315 adiunc-

152 1362 296 1436 serimus,
317 1360 440 1440 intelligi
463 1371 594 1443 oportet,
625 1382 683 1423 non
704 1381 770 1422 esse
789 1380 822 1421 ea
837 1364 973 1441 ponenda
990 1362 1046 1423 nisi
1059 1369 1264 1423 consummata
1280 1380 1308 1421 ro

101 1471 135 1524 89
153 1467 272 1529 luerint.
316 1467 386 1544 quid
404 1470 484 1546 quod
499 1488 554 1530 nec
571 1458 628 1530 boc
648 1468 814 1546 diligentiae
831 1468 991 1547 principis,
1009 1485 1098 1545 quam
1113 1464 1268 1526 exactissi-

152 1593 230 1636 mam
247 1573 362 1635 ciuibus
383 1573 446 1636 suis
462 1581 606 1653 praestat,
627 1575 751 1645 sufficit,
774 1591 878 1652 parum
893 1573 1032 1653 praesidii
1047 1574 1147 1633 usibus
1160 1590 1196 1633 ae
1211 1591 1268 1633 uo-

151 1679 313 1760 luptatibus
334 1681 445 1741 nostris
463 1679 623 1741 contulisse
646 1698 712 1740 sese
732 1677 895 1751 credentis,
921 1680 999 1756 quod
1022 1685 1131 1739 tantam
1149 1677 1265 1757 copiam

153 1785 274 1854 adiecit,
299 1785 356 1846 nisi
370 1803 435 1846 eam
450 1785 545 1865 ipsam
562 1785 752 1845 sinceriorem
770 1784 1031 1861 iucundioremque
1052 1780 1160 1843 iaciat?
1194 1800 1268 1862 ope·

152 1910 202 1953 rae
223 1890 351 1969 pretium
371 1895 416 1948 est
438 1890 478 1948 ire
501 1909 555 1969 per
575 1889 704 1968 singula,
730 1909 784 1971 per
810 1908 885 1967 quae
906 1890 954 1950 ille
974 1888 1159 1950 occurrendo
1184 1885 1266 1947 uitiis
1281 1907 1307 1946 rs

152 1995 337 2074 quarundam
354 1994 500 2056 uniuersis
522 1995 627 2056 adiecit
644 1994 808 2055 utilitatem.
836 1996 944 2055 etenim
959 1995 1076 2071 quando
1093 1993 1197 2054 ciuitas
1212 2010 1267 2052 uo·

155 2108 229 2173 stra,
253 2119 320 2161 cum
335 2100 384 2161 uel
398 2101 494 2178 exigui
508 2101 617 2162 imbres
636 2106 883 2180 superuenerunt,
907 2118 965 2159 non
980 2098 1166 2160 turbulentas
1182 2097 1268 2158 limo-

155 2225 262 2285 sasque
285 2225 377 2285 aquas
396 2207 517 2268 babuit?
545 2226 600 2268 nec
620 2209 688 2286 quia
704 2208 778 2268 baec
799 2205 948 2268 uniuersis
968 2203 1005 2264 ab
1026 2203 1138 2283 origine
1160 2210 1267 2264 natura

154 2320 215 2381 est,
239 2320 289 2372 aot
310 2313 393 2388 quasi
410 2313 488 2374 istud
504 2311 723 2375 incommodum
745 2313 857 2373 sentire
872 2309 1000 2370 debeant
1019 2316 1091 2387 quot
1108 2308 1268 2388 capiuntur

153 2436 188 2476 ex
209 2417 349 2491 sontibus,
364 2417 394 2477 in
408 2418 510 2497 primis
523 2419 629 2481 Marcia
644 2425 674 2479 et
689 2417 808 2478 Claudia
825 2435 859 2477 ac
873 2416 1013 2494 reliquae,
1027 2431 1151 2492 quarum
1168 2411 1270 2492 splen·
1283 2433 1310 2472 ao

154 2524 239 2585 dora
256 2523 349 2602 capite
364 2523 479 2602 integer
498 2524 569 2585 nibil
585 2532 635 2585 aut
650 2523 804 2585 minimum
820 2523 922 2601 pluuia
939 2521 1119 2599 inquinatur,
1136 2517 1161 2578 si
1177 2524 1267 2597 putea

103 2636 138 2687 90
155 2636 288 2689 extructa
307 2636 337 2688 et
360 2628 476 2690 obtecta
496 2630 564 2690 sint.
610 2631 685 2690 duae
707 2627 843 2688 Aniensis
865 2627 962 2688 minus
982 2630 1158 2706 permanent
1171 2623 1270 2703 limpi-

155 2735 225 2805 dae,
246 2753 314 2795 nam
337 2741 495 2795 sumuntur
517 2754 551 2795 ex
566 2735 686 2795 flumine
708 2753 742 2796 ac
757 2728 847 2812 saepe
868 2733 955 2793 etiam
972 2749 1078 2791 sereno
1101 2729 1267 2800 turbantur,

154 2840 293 2917 quoniam
309 2840 381 2901 dnio
395 2842 531 2917 quamuis
544 2841 705 2921 purissimo
723 2841 856 2900 defluens
873 2839 938 2900 lacu
954 2836 1091 2898 mollibus
1108 2845 1204 2897 tamen
1220 2853 1270 2895 cs-

155 2944 293 3004 dentibus
314 2945 387 3023 ripis
407 2946 502 3005 aulert
524 2946 631 3024 aliquid
646 2964 705 3023 quo
719 2946 871 3017 turbetur,
892 2946 1065 3025 priusquam
1080 2940 1218 3003 deueniat
1235 2940 1267 3000 iu
1281 2958 1306 2999 as

155 3049 248 3109 riuos.
271 3050 349 3126 quod
366 3049 585 3113 incommodum
601 3069 660 3111 non
676 3051 771 3112 solum
784 3050 917 3111 hibernis
934 3070 969 3112 ac
984 3049 1101 3120 uernis,
1120 3054 1165 3108 set
1181 3046 1268 3107 etiam

228 3202 239 3250 1
262 3199 338 3250 nichil
353 3201 392 3252 dis
410 3200 452 3269 01
474 3206 490 3254 2
509 3213 626 3254 aeternae
645 3203 713 3253 urbis
728 3206 820 3254 seclusi
839 3201 843 3269 1
864 3203 880 3255 6
899 3203 949 3253 otio
970 3204 990 3253 0
1014 3202 1019 3268 1
1046 3187 1096 3250 alla
1113 3201 1133 3250 0
1149 3199 1199 3248 alia
1217 3199 1268 3248 iam

156 3290 286 3357 Polenosl
307 3295 322 3343 7
338 3301 438 3342 ueteres
457 3309 484 3342 se
503 3296 558 3344 urbi
577 3296 604 3346 0.
621 3297 734 3360 fortasse
751 3303 851 3346 ueteres
869 3293 972 3343 infamis
989 3292 1059 3341 urbis
1074 3291 1109 3355 18
1129 3299 1167 3341 est
1186 3305 1269 3340 remo-

156 3386 235 3435 tusC
254 3382 258 3450 1
279 3385 370 3450 praetit
391 3381 432 3446 0,1
463 3382 494 3434 10
512 3388 699 3437 consumatae*
722 3385 726 3451 1
756 3386 785 3434 11
807 3399 852 3433 nec
873 3385 912 3434 ed.
933 3384 1157 3449 Arpentorotensis
1174 3398 1206 3431 ne
1225 3374 1266 3440 01

155 3487 280 3553 principis
299 3485 337 3552 01
358 3462 551 3540 exalrtissimam
569 3491 607 3554 01
625 3491 657 3540 12
674 3490 763 3539 usibus
779 3488 869 3538 addidi
884 3487 1019 3554 praesidiis
1038 3501 1067 3534 ac
1085 3486 1195 3536 Polenus
1210 3484 1214 3547 1
1236 3483 1270 3534 14

157 3594 187 3629 ea
206 3580 261 3644 ipsa
281 3579 302 3628 0
324 3579 328 3642 1
354 3578 386 3629 16
405 3582 563 3641 quarundam
586 3581 726 3632 Selrottzius
746 3579 904 3644 quorundam
923 3578 950 3628 0.
985 3577 1099 3640 sortasse
1113 3574 1270 3625 scribendum

157 3684 279 3732 aquarum
304 3669 461 3732 quarundam
482 3669 485 3732 1
510 3671 614 3722 uniuers
632 3673 653 3722 0
673 3672 677 3735 1
703 3671 849 3721 EdenimG
874 3668 878 3732 1
903 3667 935 3717 18
954 3682 1033 3730 aquas
1055 3668 1143 3730 priore
1160 3681 1176 3714 a
1199 3680 1235 3714 eac
1251 3662 1269 3712 h

156 3782 272 3823 correcto
291 3773 312 3823 0
330 3771 334 3839 1
358 3737 403 3820 llee
421 3771 458 3840 01
481 3775 605 3839 originem
625 3777 646 3826 0
666 3775 669 3837 Ι
692 3775 724 3826 19
735 3774 808 3838 quasi
826 3773 919 3834 scripsi
935 3786 985 3833 qua
1003 3772 1024 3821 0
1040 3771 1099 3833 quia
1113 3771 1168 3819 cod.
1186 3762 1269 3834 Vrbs!

157 3865 247 3913 debeat
266 3864 286 3913 0
304 3861 308 3925 1
330 3864 398 3926 quod
415 3862 592 3926 Ooornpendio
614 3881 662 3929 que
683 3866 802 3916 sirntttimo
818 3863 884 3912 sade
902 3877 966 3925 qrrao
984 3860 1092 3912 Polenos
1114 3858 1118 3923 1
1142 3860 1173 3909 21
1196 3855 1271 3906 nicbil

159 3957 179 4006 0
203 3954 207 4018 1
237 3955 384 4018 inquinatus
403 3955 435 4016 0,
461 3971 506 4006 em.
532 3955 658 4006 locandus
685 3956 690 4019 1
721 3957 754 4005 22
780 3955 878 4003 obtecta
900 3953 1043 4003 dubitanter
1068 3954 1131 4003 coni.
1160 3952 1271 4000 Potentes

158 4044 286 4094 obiectet]
302 4044 399 4093 obiecta
416 4045 472 4098 eod.
497 4045 560 4094 Vrb.
578 4045 582 4108 1
597 4061 629 4095 an
648 4047 727 4095 tonsis
746 4045 779 4111 0,
798 4060 843 4097 ena.
856 4043 996 4095 Sebatltzius
1011 4042 1015 4111 1
1030 4046 1065 4095 24
1082 4044 1140 4092 onio
1156 4040 1194 4103 01
1214 4040 1269 4089 lacn

159 4134 275 4183 mollibus
295 4135 459 4185 Dederielrius
481 4136 537 4184 lacr‘r
557 4135 624 4185 oblib
636 4132 647 4202 11
660 4164 796 4185 ........
806 4143 890 4184 tamen
912 4137 932 4186 0
953 4135 1009 4184 lacu
1028 4135 1162 4185 mobilibus
1181 4132 1270 4181 Ioann-

158 4226 206 4274 dns
225 4224 229 4287 1
250 4225 283 4276 26
301 4224 421 4288 hybernis
441 4227 461 4275 0
