<?xml version="1.0" encoding="UTF-8"?>
<!DOCTYPE html PUBLIC "-//W3C//DTD XHTML 1.0 Transitional//EN"
    "http://www.w3.org/TR/xhtml1/DTD/xhtml1-transitional.dtd">
<html xmlns="http://www.w3.org/1999/xhtml" xml:lang="en" lang="en">
 <head>
  <title>
</title>
<meta http-equiv="Content-Type" content="text/html;charset=utf-8" />
  <meta name='ocr-system' content='tesseract 3.04.00' />
  <meta name='ocr-capabilities' content='ocr_page ocr_carea ocr_par ocr_line ocrx_word'/>
</head>
<body>
  <div class='ocr_page' id='page_1' title='image "./iuliifrontinide00bcgoog_0010.png"; bbox 0 0 2798 4896; ppageno 0'>
   <div class='ocr_carea' id='block_1_1' title="bbox 104 1129 1288 3845">
    <p class='ocr_par' dir='ltr' id='par_1_1' title="bbox 104 1129 1288 3845">
     <span class='ocr_line' id='line_1_1' title="bbox 258 1129 1288 1210; baseline 0.002 -20"><span class='ocrx_word' id='word_1_1' title='bbox 258 1132 324 1190; x_wconf 84' lang='lat' dir='ltr'>Sex.</span> <span class='ocrx_word' id='word_1_2' title='bbox 338 1130 429 1191; x_wconf 90' lang='lat' dir='ltr'>lulius</span> <span class='ocrx_word' id='word_1_3' title='bbox 445 1130 603 1191; x_wconf 78' lang='lat' dir='ltr'><strong>Frontinus</strong></span> <span class='ocrx_word' id='word_1_4' title='bbox 619 1149 692 1206; x_wconf 91' lang='lat' dir='ltr'>quos</span> <span class='ocrx_word' id='word_1_5' title='bbox 709 1130 745 1189; x_wconf 89' lang='lat' dir='ltr'>de</span> <span class='ocrx_word' id='word_1_6' title='bbox 761 1129 844 1206; x_wconf 88' lang='lat' dir='ltr'>aquis</span> <span class='ocrx_word' id='word_1_7' title='bbox 864 1130 946 1190; x_wconf 93' lang='lat' dir='ltr'>urbis</span> <span class='ocrx_word' id='word_1_8' title='bbox 961 1131 1070 1192; x_wconf 85' lang='lat' dir='ltr'>Romae</span> <span class='ocrx_word' id='word_1_9' title='bbox 1084 1133 1288 1210; x_wconf 77' lang='lat' dir='ltr'>intellegenter</span> 
     </span>
     <span class='ocr_line' id='line_1_2' title="bbox 172 1239 1288 1320; baseline 0.003 -21"><span class='ocrx_word' id='word_1_10' title='bbox 172 1248 201 1300; x_wconf 89' lang='lat' dir='ltr'>et</span> <span class='ocrx_word' id='word_1_11' title='bbox 217 1249 356 1300; x_wconf 89' lang='lat' dir='ltr'>accurate</span> <span class='ocrx_word' id='word_1_12' title='bbox 372 1240 490 1320; x_wconf 79' lang='lat' dir='ltr'>scripsit</span> <span class='ocrx_word' id='word_1_13' title='bbox 504 1239 595 1300; x_wconf 92' lang='lat' dir='ltr'>libros</span> <span class='ocrx_word' id='word_1_14' title='bbox 608 1240 682 1299; x_wconf 89' lang='lat' dir='ltr'>duos</span> <span class='ocrx_word' id='word_1_15' title='bbox 699 1246 823 1298; x_wconf 86' lang='lat' dir='ltr'>exeunte</span> <span class='ocrx_word' id='word_1_16' title='bbox 834 1248 938 1316; x_wconf 90' lang='lat' dir='ltr'>quarto</span> <span class='ocrx_word' id='word_1_17' title='bbox 951 1241 1065 1301; x_wconf 83' lang='lat' dir='ltr'>decimo</span> <span class='ocrx_word' id='word_1_18' title='bbox 1081 1242 1198 1302; x_wconf 88' lang='lat' dir='ltr'>saeculo</span> <span class='ocrx_word' id='word_1_19' title='bbox 1211 1260 1288 1303; x_wconf 90' lang='lat' dir='ltr'>unus</span> 
     </span>
     <span class='ocr_line' id='line_1_3' title="bbox 174 1348 1287 1428; baseline 0.002 -18"><span class='ocrx_word' id='word_1_20' title='bbox 174 1350 266 1410; x_wconf 84' lang='lat' dir='ltr'>codex</span> <span class='ocrx_word' id='word_1_21' title='bbox 280 1349 422 1419; x_wconf 90' lang='lat' dir='ltr'>habebat,</span> <span class='ocrx_word' id='word_1_22' title='bbox 445 1350 494 1426; x_wconf 94' lang='lat' dir='ltr'>qui</span> <span class='ocrx_word' id='word_1_23' title='bbox 511 1357 540 1409; x_wconf 91' lang='lat' dir='ltr'>et</span> <span class='ocrx_word' id='word_1_24' title='bbox 555 1348 683 1428; x_wconf 87' lang='lat' dir='ltr'>scriptus</span> <span class='ocrx_word' id='word_1_25' title='bbox 699 1356 761 1409; x_wconf 87' lang='lat' dir='ltr'>erat</span> <span class='ocrx_word' id='word_1_26' title='bbox 782 1348 819 1408; x_wconf 86' lang='lat' dir='ltr'>ab</span> <span class='ocrx_word' id='word_1_27' title='bbox 845 1349 928 1410; x_wconf 86' lang='lat' dir='ltr'>initio</span> <span class='ocrx_word' id='word_1_28' title='bbox 949 1357 979 1409; x_wconf 94' lang='lat' dir='ltr'>et</span> <span class='ocrx_word' id='word_1_29' title='bbox 1003 1351 1099 1412; x_wconf 90' lang='lat' dir='ltr'>adhuc</span> <span class='ocrx_word' id='word_1_30' title='bbox 1123 1369 1216 1428; x_wconf 91' lang='lat' dir='ltr'>usque</span> <span class='ocrx_word' id='word_1_31' title='bbox 1236 1352 1287 1412; x_wconf 89' lang='lat' dir='ltr'>ad·</span> 
     </span>
     <span class='ocr_line' id='line_1_4' title="bbox 173 1458 1288 1522; baseline 0.002 -3"><span class='ocrx_word' id='word_1_32' title='bbox 173 1467 309 1519; x_wconf 89' lang='lat' dir='ltr'>seruatur</span> <span class='ocrx_word' id='word_1_33' title='bbox 325 1459 355 1518; x_wconf 91' lang='lat' dir='ltr'>in</span> <span class='ocrx_word' id='word_1_34' title='bbox 371 1459 514 1520; x_wconf 87' lang='lat' dir='ltr'>coenobio</span> <span class='ocrx_word' id='word_1_35' title='bbox 529 1458 637 1519; x_wconf 89' lang='lat' dir='ltr'>montis</span> <span class='ocrx_word' id='word_1_36' title='bbox 654 1459 842 1520; x_wconf 75' lang='lat' dir='ltr'>Cassmnusrs.</span> <span class='ocrx_word' id='word_1_37' title='bbox 879 1459 929 1519; x_wconf 96' lang='lat' dir='ltr'>ubi</span> <span class='ocrx_word' id='word_1_38' title='bbox 950 1459 1031 1521; x_wconf 92' lang='lat' dir='ltr'>illum</span> <span class='ocrx_word' id='word_1_39' title='bbox 1055 1480 1123 1522; x_wconf 88' lang='lat' dir='ltr'>cum</span> <span class='ocrx_word' id='word_1_40' title='bbox 1144 1460 1288 1522; x_wconf 75' lang='lat' dir='ltr'>‘abscon-</span> 
     </span>
     <span class='ocr_line' id='line_1_5' title="bbox 104 1558 1288 1650; baseline 0 -20"><span class='ocrx_word' id='word_1_41' title='bbox 104 1558 109 1567; x_wconf 65' lang='lat'>&#39;</span> <span class='ocrx_word' id='word_1_42' title='bbox 173 1589 237 1630; x_wconf 92' lang='lat' dir='ltr'>sum</span> <span class='ocrx_word' id='word_1_43' title='bbox 259 1569 467 1646; x_wconf 83' lang='lat' dir='ltr'>abditumquu&#39;</span> <span class='ocrx_word' id='word_1_44' title='bbox 484 1568 647 1629; x_wconf 89' lang='lat' dir='ltr'>inuenisset</span> <span class='ocrx_word' id='word_1_45' title='bbox 663 1568 790 1646; x_wconf 78' lang='lat' dir='ltr'>Poggius</span> <span class='ocrx_word' id='word_1_46' title='bbox 809 1568 839 1628; x_wconf 90' lang='lat' dir='ltr'>in</span> <span class='ocrx_word' id='word_1_47' title='bbox 854 1570 1006 1650; x_wconf 89' lang='lat' dir='ltr'>complura</span> <span class='ocrx_word' id='word_1_48' title='bbox 1019 1570 1195 1650; x_wconf 84' lang='lat' dir='ltr'>exemplaria</span> <span class='ocrx_word' id='word_1_49' title='bbox 1207 1578 1288 1631; x_wconf 91' lang='lat' dir='ltr'>tran-</span> 
     </span>
     <span class='ocr_line' id='line_1_6' title="bbox 172 1677 1286 1759; baseline 0.002 -19"><span class='ocrx_word' id='word_1_50' title='bbox 172 1679 361 1740; x_wconf 91' lang='lat' dir='ltr'>scribendum</span> <span class='ocrx_word' id='word_1_51' title='bbox 376 1679 490 1740; x_wconf 84' lang='lat' dir='ltr'>curauit</span> <span class='ocrx_word' id='word_1_52' title='bbox 502 1677 540 1740; x_wconf 92' lang='lat' dir='ltr'>ita</span> <span class='ocrx_word' id='word_1_53' title='bbox 559 1686 591 1739; x_wconf 89' lang='lat' dir='ltr'>ut</span> <span class='ocrx_word' id='word_1_54' title='bbox 606 1697 622 1739; x_wconf 92' lang='lat' dir='ltr'>a</span> <span class='ocrx_word' id='word_1_55' title='bbox 637 1677 807 1738; x_wconf 86' lang='lat' dir='ltr'>Cassinensi</span> <span class='ocrx_word' id='word_1_56' title='bbox 825 1680 985 1758; x_wconf 88' lang='lat' dir='ltr'>repetenda</span> <span class='ocrx_word' id='word_1_57' title='bbox 1002 1681 1040 1741; x_wconf 91' lang='lat' dir='ltr'>sit</span> <span class='ocrx_word' id='word_1_58' title='bbox 1057 1680 1139 1759; x_wconf 92' lang='lat' dir='ltr'>origo</span> <span class='ocrx_word' id='word_1_59' title='bbox 1157 1681 1286 1742; x_wconf 90' lang='lat' dir='ltr'>omnium</span> 
     </span>
     <span class='ocr_line' id='line_1_7' title="bbox 169 1787 1288 1869; baseline 0 -19"><span class='ocrx_word' id='word_1_60' title='bbox 169 1807 245 1866; x_wconf 86' lang='lat' dir='ltr'>quae</span> <span class='ocrx_word' id='word_1_61' title='bbox 261 1797 423 1869; x_wconf 81' lang='lat' dir='ltr'>supersunt</span> <span class='ocrx_word' id='word_1_62' title='bbox 442 1796 519 1850; x_wconf 85' lang='lat' dir='ltr'>octo.</span> <span class='ocrx_word' id='word_1_63' title='bbox 562 1787 754 1865; x_wconf 89' lang='lat' dir='ltr'>nequeenim</span> <span class='ocrx_word' id='word_1_64' title='bbox 776 1789 812 1848; x_wconf 86' lang='lat' dir='ltr'>de</span> <span class='ocrx_word' id='word_1_65' title='bbox 831 1789 966 1868; x_wconf 88' lang='lat' dir='ltr'>pluribus</span> <span class='ocrx_word' id='word_1_66' title='bbox 988 1790 1097 1852; x_wconf 88' lang='lat' dir='ltr'>audiui.</span> <span class='ocrx_word' id='word_1_67' title='bbox 1142 1798 1229 1867; x_wconf 91' lang='lat' dir='ltr'>atque</span> <span class='ocrx_word' id='word_1_68' title='bbox 1251 1791 1288 1851; x_wconf 89' lang='lat' dir='ltr'>de</span> 
     </span>
     <span class='ocr_line' id='line_1_8' title="bbox 170 1897 1286 1987; baseline 0.002 -29"><span class='ocrx_word' id='word_1_69' title='bbox 170 1899 370 1960; x_wconf 85' lang='lat' dir='ltr'>Escurialensi</span> <span class='ocrx_word' id='word_1_70' title='bbox 391 1905 419 1959; x_wconf 92' lang='lat' dir='ltr'>et</span> <span class='ocrx_word' id='word_1_71' title='bbox 434 1898 659 1959; x_wconf 83' lang='lat' dir='ltr'>llliddlehillensi</span> <span class='ocrx_word' id='word_1_72' title='bbox 682 1897 841 1987; x_wconf 77' lang='lat' dir='ltr'>Haenelius</span> <span class='ocrx_word' id='word_1_73' title='bbox 863 1899 977 1961; x_wconf 89' lang='lat' dir='ltr'>rettulit</span> <span class='ocrx_word' id='word_1_74' title='bbox 1001 1900 1123 1977; x_wconf 90' lang='lat' dir='ltr'>catalogi</span> <span class='ocrx_word' id='word_1_75' title='bbox 1144 1899 1286 1961; x_wconf 89' lang='lat' dir='ltr'>librorum</span> 
     </span>
     <span class='ocr_line' id='line_1_9' title="bbox 171 2007 1285 2089; baseline 0 -20"><span class='ocrx_word' id='word_1_76' title='bbox 171 2029 259 2070; x_wconf 91' lang='lat' dir='ltr'>manu</span> <span class='ocrx_word' id='word_1_77' title='bbox 280 2009 459 2089; x_wconf 92' lang='lat' dir='ltr'>scriptorum</span> <span class='ocrx_word' id='word_1_78' title='bbox 475 2029 504 2088; x_wconf 89' lang='lat' dir='ltr'>p.</span> <span class='ocrx_word' id='word_1_79' title='bbox 522 2007 582 2069; x_wconf 79' lang='lat'>950</span> <span class='ocrx_word' id='word_1_80' title='bbox 599 2016 627 2068; x_wconf 91' lang='lat' dir='ltr'>et</span> <span class='ocrx_word' id='word_1_81' title='bbox 647 2008 718 2080; x_wconf 82' lang='lat'>895,</span> <span class='ocrx_word' id='word_1_82' title='bbox 734 2027 860 2085; x_wconf 89' lang='lat' dir='ltr'>quorum</span> <span class='ocrx_word' id='word_1_83' title='bbox 882 2008 953 2069; x_wconf 92' lang='lat' dir='ltr'>illud</span> <span class='ocrx_word' id='word_1_84' title='bbox 976 2009 1030 2070; x_wconf 84' lang='lat' dir='ltr'>‘de</span> <span class='ocrx_word' id='word_1_85' title='bbox 1053 2009 1285 2087; x_wconf 84' lang='lat' dir='ltr'>aquaeductibus</span> 
     </span>
     <span class='ocr_line' id='line_1_10' title="bbox 171 2117 1287 2198; baseline 0.001 -18"><span class='ocrx_word' id='word_1_86' title='bbox 171 2119 253 2180; x_wconf 88' lang='lat' dir='ltr'>urbis</span> <span class='ocrx_word' id='word_1_87' title='bbox 270 2119 380 2179; x_wconf 85' lang='lat' dir='ltr'>Romae</span> <span class='ocrx_word' id='word_1_88' title='bbox 397 2119 447 2181; x_wconf 93' lang='lat' dir='ltr'>lib.</span> <span class='ocrx_word' id='word_1_89' title='bbox 465 2119 506 2178; x_wconf 91' lang='lat' dir='ltr'>ll&#39;</span> <span class='ocrx_word' id='word_1_90' title='bbox 522 2118 696 2198; x_wconf 91' lang='lat' dir='ltr'>inscriptum</span> <span class='ocrx_word' id='word_1_91' title='bbox 709 2117 781 2178; x_wconf 88' lang='lat' dir='ltr'>XVI.</span> <span class='ocrx_word' id='word_1_92' title='bbox 812 2118 930 2180; x_wconf 87' lang='lat' dir='ltr'>saeculo</span> <span class='ocrx_word' id='word_1_93' title='bbox 942 2119 1093 2191; x_wconf 83' lang='lat' dir='ltr'>tribuitur,</span> <span class='ocrx_word' id='word_1_94' title='bbox 1109 2121 1166 2180; x_wconf 88' lang='lat' dir='ltr'>hoc</span> <span class='ocrx_word' id='word_1_95' title='bbox 1181 2119 1287 2181; x_wconf 77' lang='lat' dir='ltr'>‘Fron-</span> 
     </span>
     <span class='ocr_line' id='line_1_11' title="bbox 170 2227 1286 2310; baseline 0.002 -22"><span class='ocrx_word' id='word_1_96' title='bbox 170 2229 224 2288; x_wconf 88' lang='lat' dir='ltr'>tini</span> <span class='ocrx_word' id='word_1_97' title='bbox 242 2229 278 2288; x_wconf 92' lang='lat' dir='ltr'>de</span> <span class='ocrx_word' id='word_1_98' title='bbox 298 2246 390 2305; x_wconf 89' lang='lat' dir='ltr'>aquae</span> <span class='ocrx_word' id='word_1_99' title='bbox 409 2227 565 2299; x_wconf 87' lang='lat' dir='ltr'>ductibus,</span> <span class='ocrx_word' id='word_1_100' title='bbox 587 2227 720 2288; x_wconf 89' lang='lat' dir='ltr'>eiusdem</span> <span class='ocrx_word' id='word_1_101' title='bbox 735 2234 957 2305; x_wconf 87' lang='lat' dir='ltr'>strategemata,</span> <span class='ocrx_word' id='word_1_102' title='bbox 981 2228 1085 2290; x_wconf 91' lang='lat' dir='ltr'>lsidori</span> <span class='ocrx_word' id='word_1_103' title='bbox 1099 2229 1286 2310; x_wconf 81' lang='lat' dir='ltr'>Hispalensis</span> 
     </span>
     <span class='ocr_line' id='line_1_12' title="bbox 171 2335 1286 2418; baseline 0.002 -20"><span class='ocrx_word' id='word_1_104' title='bbox 171 2338 347 2408; x_wconf 83' lang='lat' dir='ltr'>chronicon,</span> <span class='ocrx_word' id='word_1_105' title='bbox 377 2335 628 2398; x_wconf 88' lang='lat' dir='ltr'>abbreuiationem</span> <span class='ocrx_word' id='word_1_106' title='bbox 651 2337 734 2398; x_wconf 88' lang='lat' dir='ltr'>Pauli</span> <span class='ocrx_word' id='word_1_107' title='bbox 750 2337 909 2397; x_wconf 88' lang='lat' dir='ltr'>Warnlridi</span> <span class='ocrx_word' id='word_1_108' title='bbox 930 2339 965 2398; x_wconf 89' lang='lat' dir='ltr'>de</span> <span class='ocrx_word' id='word_1_109' title='bbox 983 2338 1061 2400; x_wconf 87' lang='lat' dir='ltr'>bello</span> <span class='ocrx_word' id='word_1_110' title='bbox 1076 2339 1286 2418; x_wconf 90' lang='lat' dir='ltr'>Lougohardo·</span> 
     </span>
     <span class='ocr_line' id='line_1_13' title="bbox 169 2446 1284 2517; baseline 0.002 -9"><span class='ocrx_word' id='word_1_111' title='bbox 169 2467 251 2517; x_wconf 93' lang='lat' dir='ltr'>rum,</span> <span class='ocrx_word' id='word_1_112' title='bbox 279 2447 357 2508; x_wconf 88' lang='lat' dir='ltr'>Petri</span> <span class='ocrx_word' id='word_1_113' title='bbox 380 2446 594 2508; x_wconf 88' lang='lat' dir='ltr'>bibliothecarii</span> <span class='ocrx_word' id='word_1_114' title='bbox 616 2448 652 2507; x_wconf 89' lang='lat' dir='ltr'>de</span> <span class='ocrx_word' id='word_1_115' title='bbox 672 2447 794 2507; x_wconf 89' lang='lat' dir='ltr'>historia</span> <span class='ocrx_word' id='word_1_116' title='bbox 820 2447 970 2509; x_wconf 86' lang='lat' dir='ltr'>Gallorum</span> <span class='ocrx_word' id='word_1_117' title='bbox 992 2450 1028 2510; x_wconf 89' lang='lat' dir='ltr'>ab</span> <span class='ocrx_word' id='word_1_118' title='bbox 1050 2469 1076 2511; x_wconf 88' lang='lat' dir='ltr'>a.</span> <span class='ocrx_word' id='word_1_119' title='bbox 1094 2449 1284 2510; x_wconf 77' lang='lat'>715—898’</span> 
     </span>
     <span class='ocr_line' id='line_1_14' title="bbox 169 2556 1285 2636; baseline 0.002 -18"><span class='ocrx_word' id='word_1_120' title='bbox 169 2559 323 2619; x_wconf 89' lang='lat' dir='ltr'>continens</span> <span class='ocrx_word' id='word_1_121' title='bbox 347 2556 465 2618; x_wconf 89' lang='lat' dir='ltr'>saeculo</span> <span class='ocrx_word' id='word_1_122' title='bbox 486 2556 545 2616; x_wconf 89' lang='lat' dir='ltr'>XV.</span> <span class='ocrx_word' id='word_1_123' title='bbox 577 2575 611 2616; x_wconf 87' lang='lat' dir='ltr'>ex</span> <span class='ocrx_word' id='word_1_124' title='bbox 637 2557 701 2636; x_wconf 92' lang='lat' dir='ltr'>ipso</span> <span class='ocrx_word' id='word_1_125' title='bbox 726 2557 896 2618; x_wconf 87' lang='lat' dir='ltr'>Cassinensi</span> <span class='ocrx_word' id='word_1_126' title='bbox 918 2557 949 2618; x_wconf 90' lang='lat' dir='ltr'>in</span> <span class='ocrx_word' id='word_1_127' title='bbox 975 2560 1077 2620; x_wconf 89' lang='lat' dir='ltr'>eodem</span> <span class='ocrx_word' id='word_1_128' title='bbox 1106 2559 1285 2620; x_wconf 89' lang='lat' dir='ltr'>monasterio</span> 
     </span>
     <span class='ocr_line' id='line_1_15' title="bbox 169 2666 1285 2752; baseline 0 -24"><span class='ocrx_word' id='word_1_129' title='bbox 169 2668 349 2747; x_wconf 84' lang='lat' dir='ltr'>exscriptum</span> <span class='ocrx_word' id='word_1_130' title='bbox 367 2685 432 2728; x_wconf 88' lang='lat' dir='ltr'>esse</span> <span class='ocrx_word' id='word_1_131' title='bbox 454 2666 579 2727; x_wconf 90' lang='lat' dir='ltr'>conicio.</span> <span class='ocrx_word' id='word_1_132' title='bbox 623 2667 742 2731; x_wconf 88' lang='lat' dir='ltr'>tertium</span> <span class='ocrx_word' id='word_1_133' title='bbox 762 2667 793 2727; x_wconf 89' lang='lat' dir='ltr'>in</span> <span class='ocrx_word' id='word_1_134' title='bbox 814 2666 1171 2752; x_wconf 57' lang='lat' dir='ltr'>BarberQbibliotheca</span> <span class='ocrx_word' id='word_1_135' title='bbox 1195 2669 1285 2729; x_wconf 89' lang='lat' dir='ltr'>latere</span> 
     </span>
     <span class='ocr_line' id='line_1_16' title="bbox 169 2775 1286 2859; baseline 0 -20"><span class='ocrx_word' id='word_1_136' title='bbox 169 2779 332 2839; x_wconf 90' lang='lat' dir='ltr'>secundum</span> <span class='ocrx_word' id='word_1_137' title='bbox 353 2775 625 2838; x_wconf 87' lang='lat' dir='ltr'>Kellermannianas</span> <span class='ocrx_word' id='word_1_138' title='bbox 645 2778 770 2839; x_wconf 84' lang='lat' dir='ltr'>schedas</span> <span class='ocrx_word' id='word_1_139' title='bbox 787 2777 906 2839; x_wconf 91' lang='lat' dir='ltr'>lalmius</span> <span class='ocrx_word' id='word_1_140' title='bbox 929 2778 959 2840; x_wconf 90' lang='lat' dir='ltr'>in</span> <span class='ocrx_word' id='word_1_141' title='bbox 979 2779 1216 2859; x_wconf 78' lang='lat' dir='ltr'>ephemeridibus</span> <span class='ocrx_word' id='word_1_142' title='bbox 1234 2798 1286 2841; x_wconf 91' lang='lat' dir='ltr'>an·</span> 
     </span>
     <span class='ocr_line' id='line_1_17' title="bbox 169 2886 1286 2966; baseline 0.002 -18"><span class='ocrx_word' id='word_1_143' title='bbox 169 2887 301 2965; x_wconf 85' lang='lat' dir='ltr'>liquariis</span> <span class='ocrx_word' id='word_1_144' title='bbox 322 2907 349 2949; x_wconf 88' lang='lat' dir='ltr'>a.</span> <span class='ocrx_word' id='word_1_145' title='bbox 377 2887 454 2948; x_wconf 87' lang='grc'>1841</span> <span class='ocrx_word' id='word_1_146' title='bbox 478 2907 507 2966; x_wconf 94' lang='lat' dir='ltr'>p.</span> <span class='ocrx_word' id='word_1_147' title='bbox 523 2887 584 2949; x_wconf 79' lang='lat'>969</span> <span class='ocrx_word' id='word_1_148' title='bbox 607 2886 738 2948; x_wconf 89' lang='lat' dir='ltr'>narrauit</span> <span class='ocrx_word' id='word_1_149' title='bbox 762 2887 930 2966; x_wconf 88' lang='lat' dir='ltr'>ibidemque</span> <span class='ocrx_word' id='word_1_150' title='bbox 958 2889 987 2949; x_wconf 91' lang='lat' dir='ltr'>in</span> <span class='ocrx_word' id='word_1_151' title='bbox 1013 2898 1129 2951; x_wconf 90' lang='lat' dir='ltr'>uetusta</span> <span class='ocrx_word' id='word_1_152' title='bbox 1152 2889 1286 2950; x_wconf 76' lang='lat' dir='ltr'>l&#39;rontini</span> 
     </span>
     <span class='ocr_line' id='line_1_18' title="bbox 169 2997 1283 3061; baseline 0.003 -4"><span class='ocrx_word' id='word_1_153' title='bbox 169 2998 296 3059; x_wconf 90' lang='lat' dir='ltr'>editione</span> <span class='ocrx_word' id='word_1_154' title='bbox 323 3000 476 3059; x_wconf 91' lang='lat' dir='ltr'>adnotatas</span> <span class='ocrx_word' id='word_1_155' title='bbox 508 3015 575 3059; x_wconf 89' lang='lat' dir='ltr'>esse</span> <span class='ocrx_word' id='word_1_156' title='bbox 601 2997 697 3059; x_wconf 88' lang='lat' dir='ltr'>uarias</span> <span class='ocrx_word' id='word_1_157' title='bbox 728 2997 871 3059; x_wconf 88' lang='lat' dir='ltr'>lectiones</span> <span class='ocrx_word' id='word_1_158' title='bbox 902 2999 1029 3061; x_wconf 77' lang='lat' dir='ltr'>‘codicis</span> <span class='ocrx_word' id='word_1_159' title='bbox 1059 3000 1169 3061; x_wconf 87' lang='lat' dir='ltr'>ueteris</span> <span class='ocrx_word' id='word_1_160' title='bbox 1195 3019 1283 3060; x_wconf 90' lang='lat' dir='ltr'>manu</span> 
     </span>
     <span class='ocr_line' id='line_1_19' title="bbox 169 3107 1284 3189; baseline 0.002 -22"><span class='ocrx_word' id='word_1_161' title='bbox 169 3107 271 3186; x_wconf 89' lang='lat' dir='ltr'>scripti</span> <span class='ocrx_word' id='word_1_162' title='bbox 304 3107 499 3168; x_wconf 88' lang='lat' dir='ltr'>bibliothecae</span> <span class='ocrx_word' id='word_1_163' title='bbox 524 3108 663 3185; x_wconf 77' lang='lat' dir='ltr'>Torquati</span> <span class='ocrx_word' id='word_1_164' title='bbox 692 3108 812 3169; x_wconf 81' lang='lat' dir='ltr'>Rombi&#39;</span> <span class='ocrx_word' id='word_1_165' title='bbox 850 3127 925 3185; x_wconf 90' lang='lat' dir='ltr'>quae</span> <span class='ocrx_word' id='word_1_166' title='bbox 958 3110 1068 3171; x_wconf 91' lang='lat' dir='ltr'>nullius</span> <span class='ocrx_word' id='word_1_167' title='bbox 1101 3110 1179 3189; x_wconf 89' lang='lat' dir='ltr'>preti</span> <span class='ocrx_word' id='word_1_168' title='bbox 1204 3117 1284 3170; x_wconf 90' lang='lat' dir='ltr'>sunt.</span> 
     </span>
     <span class='ocr_line' id='line_1_20' title="bbox 168 3217 1284 3297; baseline 0.003 -20"><span class='ocrx_word' id='word_1_169' title='bbox 168 3218 304 3295; x_wconf 91' lang='lat' dir='ltr'>quintum</span> <span class='ocrx_word' id='word_1_170' title='bbox 320 3217 469 3297; x_wconf 85' lang='lat' dir='ltr'>exemplar</span> <span class='ocrx_word' id='word_1_171' title='bbox 488 3217 609 3296; x_wconf 88' lang='lat' dir='ltr'>Neapoli</span> <span class='ocrx_word' id='word_1_172' title='bbox 627 3217 658 3278; x_wconf 91' lang='lat' dir='ltr'>in</span> <span class='ocrx_word' id='word_1_173' title='bbox 673 3218 796 3279; x_wconf 90' lang='lat' dir='ltr'>aedibus</span> <span class='ocrx_word' id='word_1_174' title='bbox 810 3226 927 3297; x_wconf 89' lang='lat' dir='ltr'>patrum</span> <span class='ocrx_word' id='word_1_175' title='bbox 941 3220 1129 3281; x_wconf 86' lang='lat' dir='ltr'>Teatinorum</span> <span class='ocrx_word' id='word_1_176' title='bbox 1144 3219 1284 3280; x_wconf 89' lang='lat' dir='ltr'>Marinius</span> 
     </span>
     <span class='ocr_line' id='line_1_21' title="bbox 168 3326 1283 3408; baseline 0.002 -20"><span class='ocrx_word' id='word_1_177' title='bbox 168 3327 280 3388; x_wconf 92' lang='lat' dir='ltr'>inuenit</span> <span class='ocrx_word' id='word_1_178' title='bbox 295 3327 345 3404; x_wconf 89' lang='lat' dir='ltr'>(cl.</span> <span class='ocrx_word' id='word_1_179' title='bbox 362 3327 494 3389; x_wconf 88' lang='lat' dir='ltr'>Blumius</span> <span class='ocrx_word' id='word_1_180' title='bbox 509 3326 623 3388; x_wconf 89' lang='lat' dir='ltr'>itineris</span> <span class='ocrx_word' id='word_1_181' title='bbox 639 3328 731 3389; x_wconf 91' lang='lat' dir='ltr'>ltalici</span> <span class='ocrx_word' id='word_1_182' title='bbox 746 3327 799 3387; x_wconf 94' lang='lat' dir='ltr'>llll</span> <span class='ocrx_word' id='word_1_183' title='bbox 811 3348 841 3408; x_wconf 89' lang='lat' dir='ltr'>p.</span> <span class='ocrx_word' id='word_1_184' title='bbox 858 3327 911 3404; x_wconf 81' lang='lat'>42)</span> <span class='ocrx_word' id='word_1_185' title='bbox 928 3330 977 3407; x_wconf 93' lang='lat' dir='ltr'>qui</span> <span class='ocrx_word' id='word_1_186' title='bbox 1004 3336 1138 3390; x_wconf 93' lang='lat' dir='ltr'>actorum</span> <span class='ocrx_word' id='word_1_187' title='bbox 1160 3330 1283 3391; x_wconf 89' lang='lat' dir='ltr'>lratrum</span> 
     </span>
     <span class='ocr_line' id='line_1_22' title="bbox 168 3437 1283 3518; baseline 0.002 -22"><span class='ocrx_word' id='word_1_188' title='bbox 168 3437 317 3498; x_wconf 78' lang='lat' dir='ltr'>,lrualium</span> <span class='ocrx_word' id='word_1_189' title='bbox 332 3458 360 3517; x_wconf 93' lang='lat' dir='ltr'>p.</span> <span class='ocrx_word' id='word_1_190' title='bbox 376 3438 437 3499; x_wconf 84' lang='lat'>259</span> <span class='ocrx_word' id='word_1_191' title='bbox 455 3445 543 3518; x_wconf 88' lang='lat' dir='ltr'>caput</span> <span class='ocrx_word' id='word_1_192' title='bbox 558 3439 607 3498; x_wconf 81' lang='lat'>44.</span> <span class='ocrx_word' id='word_1_193' title='bbox 622 3438 665 3499; x_wconf 91' lang='lat' dir='ltr'>sio</span> <span class='ocrx_word' id='word_1_194' title='bbox 685 3438 753 3499; x_wconf 90' lang='lat' dir='ltr'>inde</span> <span class='ocrx_word' id='word_1_195' title='bbox 779 3439 909 3500; x_wconf 90' lang='lat' dir='ltr'>enotauit</span> <span class='ocrx_word' id='word_1_196' title='bbox 931 3439 1081 3500; x_wconf 72' lang='lat' dir='ltr'>‘diametri</span> <span class='ocrx_word' id='word_1_197' title='bbox 1107 3439 1212 3517; x_wconf 91' lang='lat' dir='ltr'>digitos</span> <span class='ocrx_word' id='word_1_198' title='bbox 1234 3439 1283 3499; x_wconf 90' lang='lat' dir='ltr'>lll.</span> 
     </span>
     <span class='ocr_line' id='line_1_23' title="bbox 167 3546 1282 3628; baseline 0.002 -22"><span class='ocrx_word' id='word_1_199' title='bbox 167 3546 319 3627; x_wconf 86' lang='lat' dir='ltr'>perimetri</span> <span class='ocrx_word' id='word_1_200' title='bbox 336 3547 442 3625; x_wconf 89' lang='lat' dir='ltr'>digitos</span> <span class='ocrx_word' id='word_1_201' title='bbox 537 3548 673 3628; x_wconf 89' lang='lat' dir='ltr'>capitque</span> <span class='ocrx_word' id='word_1_202' title='bbox 692 3548 841 3626; x_wconf 87' lang='lat' dir='ltr'>quinarias</span> <span class='ocrx_word' id='word_1_203' title='bbox 862 3547 1001 3620; x_wconf 75' lang='lat' dir='ltr'>VS:-,</span> <span class='ocrx_word' id='word_1_204' title='bbox 1025 3548 1056 3610; x_wconf 89' lang='lat' dir='ltr'>in</span> <span class='ocrx_word' id='word_1_205' title='bbox 1079 3568 1133 3609; x_wconf 92' lang='lat' dir='ltr'>usu</span> <span class='ocrx_word' id='word_1_206' title='bbox 1151 3567 1209 3609; x_wconf 91' lang='lat' dir='ltr'>non</span> <span class='ocrx_word' id='word_1_207' title='bbox 1227 3555 1282 3609; x_wconf 92' lang='lat' dir='ltr'>est.</span> 
     </span>
     <span class='ocr_line' id='line_1_24' title="bbox 167 3657 1283 3738; baseline 0.004 -23"><span class='ocrx_word' id='word_1_208' title='bbox 167 3657 248 3718; x_wconf 92' lang='lat' dir='ltr'>Vnde</span> <span class='ocrx_word' id='word_1_209' title='bbox 263 3663 309 3718; x_wconf 89' lang='lat' dir='ltr'>est</span> <span class='ocrx_word' id='word_1_210' title='bbox 324 3657 380 3718; x_wconf 90' lang='lat' dir='ltr'>alia</span> <span class='ocrx_word' id='word_1_211' title='bbox 397 3658 474 3736; x_wconf 87' lang='lat' dir='ltr'>apud</span> <span class='ocrx_word' id='word_1_212' title='bbox 490 3657 628 3734; x_wconf 88' lang='lat' dir='ltr'>aquarios</span> <span class='ocrx_word' id='word_1_213' title='bbox 650 3658 784 3718; x_wconf 90' lang='lat' dir='ltr'>diametri</span> <span class='ocrx_word' id='word_1_214' title='bbox 800 3659 906 3735; x_wconf 88' lang='lat' dir='ltr'>digitos</span> <span class='ocrx_word' id='word_1_215' title='bbox 927 3658 967 3718; x_wconf 96' lang='lat' dir='ltr'>lll</span> <span class='ocrx_word' id='word_1_216' title='bbox 982 3658 1045 3728; x_wconf 88' lang='grc' dir='ltr'>ΧΥ,</span> <span class='ocrx_word' id='word_1_217' title='bbox 1069 3658 1219 3738; x_wconf 88' lang='lat' dir='ltr'>perimetri</span> <span class='ocrx_word' id='word_1_218' title='bbox 1239 3659 1283 3720; x_wconf 93' lang='lat' dir='ltr'>di-</span> 
     </span>
     <span class='ocr_line' id='line_1_25' title="bbox 166 3766 1283 3845; baseline 0.004 -18"><span class='ocrx_word' id='word_1_219' title='bbox 166 3767 242 3845; x_wconf 83' lang='lat' dir='ltr'>gitos</span> <span class='ocrx_word' id='word_1_220' title='bbox 256 3767 354 3829; x_wconf 89' lang='lat' dir='ltr'>VllllS</span> <span class='ocrx_word' id='word_1_221' title='bbox 365 3793 400 3808; x_wconf 91' lang='lat'>··</span> <span class='ocrx_word' id='word_1_222' title='bbox 412 3767 474 3837; x_wconf 91' lang='lat' dir='ltr'>YU,</span> <span class='ocrx_word' id='word_1_223' title='bbox 492 3766 571 3845; x_wconf 92' lang='lat' dir='ltr'>capit</span> <span class='ocrx_word' id='word_1_224' title='bbox 585 3767 735 3844; x_wconf 87' lang='lat' dir='ltr'>quinarias</span> <span class='ocrx_word' id='word_1_225' title='bbox 753 3770 833 3828; x_wconf 83' lang='lat' dir='ltr'>sex&#39;.</span> <span class='ocrx_word' id='word_1_226' title='bbox 864 3768 901 3828; x_wconf 92' lang='lat' dir='ltr'>de</span> <span class='ocrx_word' id='word_1_227' title='bbox 916 3768 1054 3829; x_wconf 93' lang='lat' dir='ltr'>Vrbinate</span> <span class='ocrx_word' id='word_1_228' title='bbox 1068 3768 1126 3828; x_wconf 91' lang='lat' dir='ltr'>sive</span> <span class='ocrx_word' id='word_1_229' title='bbox 1145 3768 1283 3831; x_wconf 89' lang='lat' dir='ltr'>Vaticano</span> 
     </span>
    </p>
   </div>
   <div class='ocr_carea' id='block_1_2' title="bbox 170 3876 1346 3959">
    <p class='ocr_par' dir='ltr' id='par_1_2' title="bbox 170 3876 1346 3959">
     <span class='ocr_line' id='line_1_26' title="bbox 170 3876 1346 3959; baseline 0.003 -23"><span class='ocrx_word' id='word_1_230' title='bbox 170 3878 249 3939; x_wconf 78' lang='lat'>1345</span> <span class='ocrx_word' id='word_1_231' title='bbox 264 3887 294 3939; x_wconf 88' lang='lat' dir='ltr'>et</span> <span class='ocrx_word' id='word_1_232' title='bbox 315 3880 350 3939; x_wconf 88' lang='lat' dir='ltr'>de</span> <span class='ocrx_word' id='word_1_233' title='bbox 372 3877 510 3938; x_wconf 91' lang='lat' dir='ltr'>Vaticano</span> <span class='ocrx_word' id='word_1_234' title='bbox 527 3876 619 3947; x_wconf 77' lang='lat'>4498,</span> <span class='ocrx_word' id='word_1_235' title='bbox 642 3896 768 3955; x_wconf 91' lang='lat' dir='ltr'>quorum</span> <span class='ocrx_word' id='word_1_236' title='bbox 788 3877 891 3938; x_wconf 88' lang='lat' dir='ltr'>utebar</span> <span class='ocrx_word' id='word_1_237' title='bbox 907 3879 1097 3959; x_wconf 83' lang='lat' dir='ltr'>apographis,</span> <span class='ocrx_word' id='word_1_238' title='bbox 1125 3886 1205 3940; x_wconf 88' lang='lat' dir='ltr'>recte</span> <span class='ocrx_word' id='word_1_239' title='bbox 1227 3879 1283 3940; x_wconf 87' lang='lat' dir='ltr'>Po·</span> <span class='ocrx_word' id='word_1_240' title='bbox 1338 3903 1346 3917; x_wconf 93' lang='lat'><strong>·</strong></span> 
     </span>
    </p>
   </div>
   <div class='ocr_carea' id='block_1_3' title="bbox 165 3986 1282 4289">
    <p class='ocr_par' dir='ltr' id='par_1_3' title="bbox 165 3986 1282 4289">
     <span class='ocr_line' id='line_1_27' title="bbox 166 3986 1282 4069; baseline 0.003 -22"><span class='ocrx_word' id='word_1_241' title='bbox 166 3987 251 4049; x_wconf 88' lang='lat' dir='ltr'>lenus</span> <span class='ocrx_word' id='word_1_242' title='bbox 266 3986 421 4050; x_wconf 85' lang='lat' dir='ltr'>iudicauit:</span> <span class='ocrx_word' id='word_1_243' title='bbox 458 3995 614 4064; x_wconf 88' lang='lat' dir='ltr'>utrumque</span> <span class='ocrx_word' id='word_1_244' title='bbox 637 3988 767 4049; x_wconf 89' lang='lat' dir='ltr'>codicem</span> <span class='ocrx_word' id='word_1_245' title='bbox 785 3987 872 4069; x_wconf 89' lang='lat' dir='ltr'>paulo</span> <span class='ocrx_word' id='word_1_246' title='bbox 894 3997 964 4066; x_wconf 93' lang='lat' dir='ltr'>post</span> <span class='ocrx_word' id='word_1_247' title='bbox 986 3988 1114 4049; x_wconf 92' lang='lat' dir='ltr'>medium</span> <span class='ocrx_word' id='word_1_248' title='bbox 1135 3987 1194 4049; x_wconf 89' lang='lat' dir='ltr'>XV.</span> <span class='ocrx_word' id='word_1_249' title='bbox 1217 4009 1282 4052; x_wconf 90' lang='lat' dir='ltr'>sae-</span> 
     </span>
     <span class='ocr_line' id='line_1_28' title="bbox 166 4097 1279 4177; baseline 0.003 -19"><span class='ocrx_word' id='word_1_250' title='bbox 166 4099 265 4159; x_wconf 93' lang='lat' dir='ltr'>culum</span> <span class='ocrx_word' id='word_1_251' title='bbox 288 4098 430 4177; x_wconf 90' lang='lat' dir='ltr'>scriptum</span> <span class='ocrx_word' id='word_1_252' title='bbox 450 4117 517 4158; x_wconf 87' lang='lat' dir='ltr'>esse</span> <span class='ocrx_word' id='word_1_253' title='bbox 539 4097 679 4175; x_wconf 90' lang='lat' dir='ltr'>illumque</span> <span class='ocrx_word' id='word_1_254' title='bbox 695 4118 763 4159; x_wconf 89' lang='lat' dir='ltr'>cum</span> <span class='ocrx_word' id='word_1_255' title='bbox 777 4097 947 4159; x_wconf 80' lang='lat' dir='ltr'>Cassinensi</span> <span class='ocrx_word' id='word_1_256' title='bbox 961 4097 1033 4158; x_wconf 92' lang='lat' dir='ltr'>mire</span> <span class='ocrx_word' id='word_1_257' title='bbox 1047 4100 1279 4161; x_wconf 86' lang='lat' dir='ltr'>consentientem</span> 
     </span>
     <span class='ocr_line' id='line_1_29' title="bbox 165 4207 1282 4289; baseline 0.004 -22"><span class='ocrx_word' id='word_1_258' title='bbox 165 4207 235 4268; x_wconf 85' lang='lat' dir='ltr'>huie</span> <span class='ocrx_word' id='word_1_259' title='bbox 251 4227 286 4268; x_wconf 84' lang='lat' dir='ltr'>ex</span> <span class='ocrx_word' id='word_1_260' title='bbox 306 4208 362 4269; x_wconf 91' lang='lat' dir='ltr'>alio</span> <span class='ocrx_word' id='word_1_261' title='bbox 377 4209 519 4269; x_wconf 90' lang='lat' dir='ltr'>mendoso</span> <span class='ocrx_word' id='word_1_262' title='bbox 545 4208 704 4289; x_wconf 84' lang='lat' dir='ltr'>exemplari</span> <span class='ocrx_word' id='word_1_263' title='bbox 725 4209 874 4288; x_wconf 84' lang='lat' dir='ltr'>descripto</span> <span class='ocrx_word' id='word_1_264' title='bbox 897 4208 1040 4287; x_wconf 85' lang='lat' dir='ltr'>nouisque</span> <span class='ocrx_word' id='word_1_265' title='bbox 1064 4210 1215 4272; x_wconf 85' lang='lat' dir='ltr'>erroribus</span> <span class='ocrx_word' id='word_1_266' title='bbox 1237 4210 1282 4271; x_wconf 88' lang='lat' dir='ltr'>iu-</span> 
     </span>
    </p>
   </div>
   <div class='ocr_carea' id='block_1_4' title="bbox 1349 1889 1378 1935">
    <p class='ocr_par' dir='ltr' id='par_1_4' title="bbox 1349 1889 1378 1935">
     <span class='ocr_line' id='line_1_30' title="bbox 1349 1889 1378 1935; baseline 0 0"><span class='ocrx_word' id='word_1_267' title='bbox 1349 1889 1378 1935; x_wconf 76' lang='lat'>&#39;7</span> 
     </span>
    </p>
   </div>
   <div class='ocr_carea' id='block_1_5' title="bbox 0 0 1404 4896">
    <p class='ocr_par' dir='ltr' id='par_1_5' title="bbox 0 0 1404 4896">
     <span class='ocr_line' id='line_1_31' title="bbox 0 0 1404 4896; baseline 0 2"><span class='ocrx_word' id='word_1_268' title='bbox 0 0 1404 4896; x_wconf 95' lang='lat' dir='ltr'> </span> 
     </span>
    </p>
   </div>
  </div>
 </body>
</html>
