2798 4896
403 271 447 311 on
469 269 565 318 novrs
587 267 681 311 vanis
706 266 818 308 sonan
842 264 936 305 mana
958 264 982 305 11
1155 233 1159 239 ¹
1205 240 1248 301 49

138 431 256 502 etpost
279 421 469 483 determinata
490 417 657 480 necessaria
679 416 744 477 loca
769 434 872 477 rursus
895 431 961 474 eum
984 430 1086 490 agrum
1106 411 1248 472 uendide-

137 539 221 604 runt,
244 538 275 590 ut
297 529 325 589 in
348 527 410 588 sois
432 524 539 586 finibus
560 523 712 603 proprium
733 523 778 583 ios
800 540 850 592 res
871 517 987 600 publica
1008 517 1173 596 priuatique
1195 517 1247 576 ha-

138 637 248 696 berent.
289 634 421 714 plerique
444 639 540 691 tamen
563 647 622 690 non
645 619 773 689 contenti
791 643 953 704 occupasse
970 625 1043 684 lines
1061 621 1134 701 ipsis
1152 621 1247 682 ducti-

137 740 192 801 bus
215 759 320 800 manus
337 737 504 799 adtulerunt
524 754 578 816 per
592 736 717 798 suffossa
742 735 832 795 latera
850 731 961 810 passim
979 748 1083 790 cursus
1099 745 1247 804 aquarum

33 860 36 867 ’
112 844 155 904 s*
174 855 234 905 tum
254 849 282 904 ei
302 847 354 919 qui
366 844 412 904 ios
429 859 571 920 aquarum
592 841 776 921 impetratum
799 837 924 910 habent,
945 853 1032 913 quam
1052 835 1071 894 ii
1089 835 1138 912 qui
1155 852 1248 911 quan·

138 950 316 1028 tolicumqoe
338 946 472 1010 beneficii
499 947 656 1008 occasione
678 945 714 1006 ad
736 941 945 1026 expugnandos
972 941 1053 1002 riuos
1079 941 1246 1001 abutuntm·.

102 1110 104 1117 .
138 1056 206 1134 quid
227 1074 315 1135 porro
336 1055 434 1125 beret,
458 1052 481 1112 si
498 1071 557 1111 non
575 1051 712 1111 uniuersa
727 1050 783 1110 ista
798 1047 1019 1126 diligentissima
1032 1048 1096 1127 lege
1108 1047 1246 1128 probibe-

138 1170 240 1222 rentur
260 1177 413 1240 poenaque
430 1178 490 1219 non
508 1156 664 1218 mediocris
683 1154 905 1216 contumacibus
923 1151 1136 1214 intentaretur?
1156 1170 1245 1230 quare

140 1267 301 1345 subscripsi
325 1264 414 1326 uerba
436 1263 518 1340 legis.
565 1263 615 1323 εΤ.
639 1261 777 1351 Quiptios
796 1260 950 1339 Crispinus
971 1246 1137 1330 consulu,
1140 1296 1244 1320 ......
1258 1269 1306 1319 t‘m

101 1396 125 1434 ro
139 1372 279 1451 populum
303 1371 364 1432 inre
388 1368 503 1446 rogauit
523 1364 709 1448 populusque
732 1363 794 1424 iure
818 1365 904 1425 sciuit
926 1364 954 1424 in
977 1365 1040 1425 soro
1060 1382 1114 1443 pro
1139 1364 1244 1424 rostris

139 1479 218 1536 aedis
242 1477 301 1537 dim
321 1476 385 1536 lulii
407 1494 452 1555 pr.
471 1476 501 1534 a.
532 1472 629 1533 iulias.
661 1470 754 1532 tribus
770 1471 873 1548 Sergia
893 1470 1068 1550 principium
1094 1469 1156 1528 luit.
1192 1489 1246 1549 pro

139 1581 215 1642 tribu
242 1583 307 1643 Sex.
340 1580 405 1640 *L.
428 1581 448 1640 1.
479 1579 569 1639 Varro
592 1580 710 1653 primam
733 1579 828 1636 sciuit.
873 1576 1050 1653 quicumque
1076 1576 1247 1654 posthanc

56 1755 58 1759 ‚
139 1686 232 1764 legem
244 1697 375 1765 rogatam
388 1686 478 1760 rinos,
501 1703 619 1764 specus,
640 1684 783 1755 fornices,
809 1681 938 1755 listulaS,
961 1681 1093 1754 tubulos,
1116 1681 1246 1752 castella,

138 1791 220 1851 lacus
240 1808 380 1866 aquarum
403 1791 602 1873 publicarum,
626 1809 699 1868 quae
714 1791 750 1849 ad
772 1789 875 1850 urbem
888 1789 1049 1860 ducuntur,
1069 1786 1166 1847 sciens
1178 1785 1247 1846 dolo

101 1918 124 1957 15
139 1896 215 1954 stralo
239 1897 393 1962 iurauerit.
417 1897 543 1978 ruperit,
566 1896 687 1957 loranda
709 1894 911 1975 rumpendaue
939 1893 1085 1956 curaueait
1109 1891 1247 1970 peioraue

139 2003 255 2072 lecerit,
279 2021 337 2079 quo
360 2003 456 2063 nrinns
480 2023 531 2064 eae
555 2022 647 2082 aquae
670 2019 808 2061 earumue
832 2020 906 2080 quae
928 2019 997 2080 pars
1012 2000 1042 2060 in
1066 1997 1166 2061 urbem
1191 1998 1248 2058 llo-

139 2127 217 2167 mam
239 2109 296 2181 ire,
319 2108 438 2180 cadere,
463 2109 571 2183 liuere,
592 2109 762 2188 peruenire,
786 2105 852 2167 duci
862 2108 970 2181 possit,
992 2122 1089 2183 quoue
1106 2106 1203 2166 minus
1218 2105 1248 2164 in

140 2213 213 2274 urbe
228 2213 318 2273 Roma
334 2220 364 2272 et
378 2211 407 2272 in
426 2213 461 2273 iis
478 2212 560 2288 locis,
581 2218 740 2288 aediliciis,
764 2232 838 2291 quae
849 2216 931 2285 loca,
954 2212 1085 2273 aedificia
1101 2211 1165 2271 urbi
1178 2229 1247 2270 con-

141 2319 260 2379 tinentia
282 2326 366 2392 sunt,
391 2327 490 2395 erunt,
512 2320 542 2380 in
562 2321 587 2382 is
603 2321 711 2388 hortis,
732 2318 876 2400 praediis,
898 2318 985 2386 locis,
1009 2335 1133 2396 quorum
1148 2317 1248 2377 borto-

103 2445 221 2500 rorum‚
250 2426 450 2505 praediorum,
478 2426 609 2489 locorum
634 2425 760 2489 dominis
790 2422 1053 2503 possessoribusue
1082 2443 1156 2501 aqua
1182 2423 1247 2483 data

144 2531 191 2592 uel
212 2530 358 2592 adtributa
374 2538 418 2591 est
441 2530 574 2607 uelauit,
601 2532 702 2607 saliat,
731 2530 937 2603 distribuatur,
963 2530 1123 2604 diuidatur,
1150 2529 1180 2589 in
1200 2548 1248 2589 ca-

208 2687 221 2737 l
241 2687 416 2738 uendinderim
435 2690 457 2740 0
474 2689 478 2756 Ι
499 2692 515 2740 2
531 2690 632 2756 publica
647 2691 791 2756 priuatique
808 2691 903 2752 scripsi
916 2705 941 2755 p.
961 2702 1035 2751 quam
1052 2689 1149 2754 priuata
1163 2688 1184 2737 0
1198 2697 1248 2736 tam

139 2793 179 2827 res
199 2778 298 2842 publica
317 2793 392 2842 quam
411 2781 510 2845 priuato
529 2781 569 2835 ed.
585 2795 628 2842 pr.
646 2778 650 2845 Ι
666 2779 684 2830 3
704 2790 870 2847 occupassent
881 2782 903 2832 0
916 2779 920 2848 Ι
935 2783 951 2830 d
966 2779 1076 2830 suffossa
1089 2777 1250 2828 Heinm‘edius

141 2877 227 2917 suetos
251 2868 408 2923 CKellerm.
431 2880 548 2920 suetossa
569 2869 663 2923 01201.
697 2869 701 2937 Ι
729 2887 818 2922 cursus
839 2886 869 2921 us
900 2885 931 2920 us
956 2883 1078 2934 aquarum
1099 2869 1249 2934 imperatum
1281 2928 1288 2943 .

138 2959 159 3009 0
179 2968 229 3008 tam
255 2960 278 3009 ei
304 2960 347 3023 qui
370 2959 431 3009 add.
448 2959 565 3010 Pozenos.
592 2963 732 3013 addendum
754 2968 893 3026 praeeunte
910 2958 1061 3010 Dedericdio
1083 2964 1248 3020 auertentesl

138 3049 207 3099 snit
222 3048 227 3117 Ι
243 3051 465 3114 quantulicumque
491 3055 586 3114 scripsi
609 3055 831 3118 quantulricdnque
848 3052 871 3112 Ι0
887 3051 1106 3116 quantulacunque
1123 3051 1164 3102 ed.
1181 3066 1224 3113 pr.
1244 3050 1249 3113 Ι

137 3141 305 3192 [loccasionis
320 3143 341 3193 G
354 3139 358 3208 Ι
380 3143 449 3191 riuos
466 3143 560 3205 scripsi
576 3143 612 3192 nai
625 3144 645 3192 C
659 3140 662 3208 Ι
679 3144 900 3210 iprohibenturG
913 3140 917 3208 Ι
932 3143 948 3193 8
966 3143 1101 3193 intentaret
1114 3139 1151 3207 ΟΙ
1168 3142 1250 3201 Quare

137 3232 278 3307 Sedoltzius
291 3247 339 3296 que
358 3228 503 3297 Glllpost
520 3235 607 3284 consul
629 3243 683 3286 octo
701 3238 815 3287 deceatne
836 3239 977 3289 litterarum
994 3238 1085 3285 lacuna
1102 3237 1127 3283 in
1148 3236 1176 3288 0.
1194 3235 1250 3297 for·

137 3331 205 3372 losse
220 3320 360 3372 addendum
375 3322 407 3370 de
425 3332 528 3371 senatus
547 3327 671 3376 sententia
686 3324 690 3392 Ι
709 3328 737 3379 ll
752 3344 790 3394 pr.
804 3328 828 3377 k.
848 3329 947 3390 scripsi,
966 3327 993 3378 P.
1012 3327 1041 3375 R.
1060 3325 1081 3374 θ
1102 3323 1107 3392 Ι
1123 3325 1155 3375 12
1170 3325 1251 3373 tribus

139 3411 174 3467 0,
200 3427 243 3461 em.
278 3412 425 3463 Brissonius
447 3413 480 3462 II
508 3415 540 3466 18
572 3412 576 3481 Ι
617 3417 758 3468 addendum
786 3434 841 3470 esse
874 3433 960 3469 oorrren
993 3415 1154 3467 Heinricdius
1178 3415 1249 3466 uidit.

136 3508 219 3562 potest
237 3500 357 3550 Visellius
372 3502 455 3563 fuisse
470 3501 474 3568 Ι
490 3505 589 3555 uirroO
607 3505 612 3569 Ι
639 3508 735 3571 primos
755 3511 829 3560 sciuit
847 3509 908 3559 cdd.
928 3508 1075 3557 Bra'ssonius
1096 3506 1100 3569 Ι
1127 3506 1158 3554 14
1175 3508 1251 3554 oculto

138 3592 163 3668 fn
178 3589 227 3639 dac
245 3592 299 3656 lege
317 3591 419 3642 librarii
443 3595 517 3656 culpa
539 3598 580 3644 uel
594 3609 714 3661 corrupto
732 3603 773 3650 uel
797 3601 887 3651 oddara
904 3606 975 3658 susat,
999 3613 1078 3663 neque
1100 3597 1139 3645 bic
1155 3598 1252 3648 dubium

139 3689 178 3731 est
196 3685 253 3746 quin
270 3683 390 3744 scriptum
406 3685 487 3747 fuerit
505 3700 569 3748 quaa
587 3688 618 3736 ad
639 3690 724 3738 urbem
742 3691 847 3740 Romam
866 3690 992 3739 ducuntur
1007 3700 1031 3738 et
1049 3690 1171 3738 ducemur
1186 3689 1254 3751 quod

139 3776 228 3845 attonuit
246 3771 386 3825 Schultzius
401 3773 405 3840 Ι
424 3776 455 3826 15
470 3776 591 3842 peioraue
600 3776 739 3830 salutarius
754 3782 895 3847 peior-emo
909 3779 912 3846 Ι
930 3780 962 3831 16
978 3794 1007 3829 ea
1017 3793 1047 3827 ea
1068 3792 1203 3840 quaearum
1220 3793 1251 3825 ue

139 3867 173 3926 0,
189 3883 233 3932 ern.
252 3868 363 3917 Poleuus
387 3867 390 3929 Ι
417 3881 481 3929 quae
493 3882 553 3932 pars
572 3871 665 3931 scripsi
682 3886 729 3934 que
748 3886 798 3934 qna
817 3869 902 3936 0117
923 3871 981 3920 lluis
993 3871 1021 3930 0,
1040 3885 1087 3921 ent.
1107 3867 1252 3931 Opsopoeus

139 3967 164 4007 et
183 3958 331 4006 Brdssonios
351 3956 382 4004 II
397 3958 428 4006 at
451 3953 455 4021 Ι
476 3958 555 4021 possit
574 3957 663 4006 addidi
677 3960 776 4023 possint
794 3961 855 4012 odd.
873 3960 913 4009 ed.
933 3975 975 4022 pr.
997 3958 1001 4025 Ι
1024 3975 1197 4023 qnonenamus
1214 3959 1250 4018 Gl

142 4047 171 4097 ta
188 4048 250 4096 locis
268 4047 391 4096 aediliciis
411 4061 474 4109 quae
493 4047 548 4096 loca
561 4047 677 4098 aedificia
691 4050 786 4112 scripsi
801 4049 862 4099 locis
878 4064 926 4111 que
943 4049 1040 4099 edificia
1053 4047 1090 4114 θΙ
1107 4050 1139 4099 lil
1156 4049 1194 4098 bis
1210 4048 1250 4111 (ll

138 4147 249 4188 ortorum
272 4137 293 4187 C
316 4135 320 4202 Ι
351 4138 385 4188 20
405 4140 597 4202 possessoribus
615 4154 639 4189 u.
667 4138 684 4189 1.
704 4139 737 4204 0,
765 4156 810 4193 ern.
837 4138 956 4190 Pithoeus
984 4148 988 4204 Ι
1016 4140 1074 4191 data
1092 4142 1159 4191 utO
1183 4138 1187 4205 Ι
1218 4141 1250 4190 21

138 4227 259 4277 saliadC

185 4327 336 4364 unonrrnvs
352 4329 387 4364 mc
404 4328 484 4372 novis
1030 4316 1049 4376 4
