2798 4896
1205 273 1281 319 vnn

169 430 371 492 circumflexus
393 438 448 492 est.
492 429 599 490 borum
621 427 863 507 compendiorum
884 445 919 488 eo
939 429 1031 506 magis
1051 429 1126 489 ratio
1147 428 1281 491 ducenda

169 549 229 611 est,
253 560 319 603 cum
335 541 453 621 saepius
471 539 594 600 eandem
610 536 750 617 syllabam
769 537 907 598 librarius
931 546 997 623 nota
1020 537 1228 615 significauerit
1253 546 1282 599 et

168 651 284 730 plenam
302 651 469 730 scripserit,
489 667 547 726 qua
561 648 674 709 ratione
688 647 772 709 lacile
788 648 840 725 qui
854 649 965 709 lactum
980 647 1018 709 sit
1033 648 1228 726 intellegetur,
1251 652 1283 710 ut

169 760 424 840 ‘perertineutia’,
463 757 731 838 ‘pererimetrum’,
765 757 819 819 alia
848 758 991 836 legantur.
1036 759 1225 823 continuatur
1251 759 1281 820 in

169 870 270 931 codice
286 870 379 930 oratio
394 870 433 930 ita
450 878 482 931 ut
501 880 647 946 nusquam
668 887 761 931 uacuo
787 868 881 948 spatio
909 869 1156 949 interrumpatur,
1185 852 1283 930 si'ox-
1317 926 1334 944 ,

169 979 336 1059 ceperimus
354 997 405 1040 eos
421 980 503 1041 locos
526 996 600 1056 quos
621 997 688 1040 cum
708 997 819 1040 uacuos
833 977 1027 1056 relinqueret,
1051 979 1156 1040 deesse
1174 979 1283 1056 aliquid

168 1089 304 1150 librarius
319 1089 469 1151 indicauit.
499 1107 568 1150 nam
581 1088 738 1168 primarius
753 1088 801 1148 ille
817 1089 892 1149 liber
907 1096 1065 1166 autequam
1079 1089 1108 1150 in
1127 1088 1284 1150 Cassinen·

168 1200 210 1259 sis
226 1198 336 1259 librarii
354 1218 460 1260 manus
482 1198 632 1278 peruenit,
655 1196 691 1258 ab
709 1197 902 1259 exterioribus
918 1197 1050 1278 partibus
1071 1199 1145 1261 male
1165 1199 1283 1261 babitus

168 1315 198 1369 et
214 1327 327 1381 summa
350 1308 397 1368 uel
417 1309 517 1369 iullma
539 1306 671 1384 margine
691 1307 789 1368 laesus
811 1314 888 1378 erat,
911 1309 1029 1385 quando
1049 1309 1166 1386 quidem
1188 1309 1283 1388 prima

169 1427 357 1496 extremaque
374 1419 469 1497 capita
486 1417 610 1478 maxime
633 1414 762 1478 mutilata
782 1424 852 1479 sunt
875 1424 904 1478 et
926 1417 1058 1496 singulae
1078 1419 1201 1480 lacunae
1221 1420 1283 1480 lere

169 1528 258 1588 certis
275 1527 438 1598 interuallis
461 1527 680 1605 disiunguntur.
729 1545 833 1588 uerum
852 1528 902 1605 qui
924 1528 1133 1590 Cassinensem
1153 1529 1283 1591 codicem

169 1638 309 1709 confecit,
340 1639 427 1700 unius
455 1637 597 1715 cuiusque
625 1638 747 1698 lacunae
774 1638 916 1699 ambitum
932 1638 997 1700 siue
1025 1639 1118 1700 noluit
1138 1639 1202 1699 siue
1223 1657 1283 1700 non

168 1749 263 1828 potuit
278 1755 414 1811 accurate
430 1747 551 1808 delinire
567 1755 596 1808 et
614 1748 762 1809 interdum
775 1747 824 1807 ubi
836 1748 920 1828 plura
937 1748 1074 1810 uidentur
1088 1747 1282 1819 intercidisse,

169 1866 302 1920 nontam
319 1858 450 1937 amplum
470 1858 596 1937 spatium
613 1857 730 1935 reliquit
748 1873 838 1935 quam
855 1857 905 1918 nbi
924 1858 1072 1937 pauciora.
1116 1875 1170 1935 ego
1189 1857 1283 1938 spatia

168 1969 231 2042 illa,
266 1987 444 2045 quamquam
469 1968 500 2028 in
529 1967 579 2028 tali
607 1967 753 2048 scriptura
789 1986 945 2028 numerum
976 1968 1141 2030 litterarum
1169 1964 1285 2028 subtili·

168 2088 213 2139 ter
237 2077 358 2156 exsequi
373 2096 432 2139 non
448 2077 531 2147 licet,
554 2078 710 2155 diligenter
731 2077 849 2157 punctis
868 2078 979 2139 notaui.
1023 2096 1079 2139 nec
1099 2077 1284 2158 praetermisi

167 2189 345 2266 quinquiens
360 2205 514 2267 perperam
530 2187 729 2248 intermissam
743 2186 809 2247 libri
825 2188 1067 2268 perpetuitatem:
1095 2206 1164 2248 nam
1185 2206 1249 2267 cap.
1263 2188 1281 2249 8

170 2299 343 2358 ‘dextrosus
355 2296 467 2357 milium
478 2314 620 2376 passuum
631 2297 739 2357 duum'
759 2303 825 2376 apte
838 2296 1011 2367 cohaerent,
1028 2297 1180 2377 posthaec
1192 2296 1283 2358 uerba

168 2406 296 2487 Tepulae
311 2406 407 2467 riuum
423 2405 619 2485 interceptum
636 2425 652 2466 a
672 2405 743 2466 lulla
759 2406 882 2466 influere
909 2407 939 2467 in
961 2407 1105 2487 piscinam
1123 2405 1283 2468 Frontinus

167 2518 296 2592 dixerat3
318 2535 382 2596 cap.
400 2515 440 2575 72
455 2525 523 2577 aute
538 2516 627 2577 ‘adeo
644 2519 760 2577 autem'
782 2515 854 2576 nibil
870 2517 968 2592 deest;
988 2536 1052 2596 cap.
1071 2518 1129 2578 116
1145 2517 1284 2596 coniungi

168 2645 292 2688 necesse
310 2635 356 2687 est
370 2626 557 2706 ‘explicanda
573 2632 643 2687 sunt
654 2665 664 2684 .
676 2625 838 2700 lamiliae';
859 2645 923 2705 cap.
941 2626 999 2686 125
1016 2635 1085 2708 post
1108 2628 1282 2687 ‘reficeren-

168 2741 233 2798 tur'
263 2736 423 2814 quidquam
448 2736 555 2817 periise
582 2734 766 2815 inprobabile
793 2743 854 2811 est3
887 2745 951 2817 cap.
976 2737 1034 2799 129
1063 2744 1131 2817 post
1156 2736 1283 2814 ‘quique

168 2851 281 2917 erunt’,
304 2864 362 2907 non
377 2846 454 2907 inter
469 2846 614 2907 ‘fornices
636 2853 665 2906 et
688 2851 823 2917 muros',
854 2848 982 2926 spatium
1007 2846 1124 2908 iuterici
1146 2845 1282 2908 debebat.

167 2956 369 3036 inexplendis
392 2956 458 3017 istis
484 2955 597 3018 lacunis
621 2956 669 3017 uix
690 2974 765 3035 opus
788 2957 844 3016 erit
864 2955 944 3017 dictu
970 2955 1177 3019 cassinensem
1199 2956 1283 3037 sequi

167 3086 214 3127 me
236 3065 376 3127 maluisse
404 3084 491 3143 quam
517 3065 762 3144 interpolatorum
788 3065 931 3128 librorum
958 3066 1057 3145 inepta
1085 3067 1282 3129 additamenta

167 3176 317 3238 uindicare
328 3159 482 3255 scriptori.
526 3193 582 3252 qua
605 3193 638 3235 re
655 3183 798 3252 quantum
818 3175 968 3255 proximus
989 3176 1084 3237 editor
1104 3176 1282 3258 peccauerit,

168 3306 226 3348 uno
248 3285 381 3366 exemplo
395 3285 532 3347 docuisse
553 3286 624 3347 satis
647 3285 769 3346 habebo.
814 3303 880 3346 cum
901 3285 979 3345 enim
1002 3303 1066 3366 cap.
1089 3287 1109 3347 6
1129 3285 1160 3346 in
1184 3285 1282 3347 Cassi·

168 3396 253 3456 uensi
267 3396 340 3457 haec
355 3395 491 3474 legantur
509 3401 598 3475 ‘post
613 3395 762 3456 biennium
778 3394 884 3455 deiude
902 3402 1001 3456 actum
1014 3403 1060 3456 est
1081 3395 1109 3455 in
1125 3403 1229 3458 senatu
1245 3396 1282 3457 de

167 3507 368 3567 consumendo
386 3506 451 3567 eius
466 3524 560 3584 aquae
577 3523 667 3586 opere
681 3504 787 3567 irelent
800 3543 993 3565 .........
1009 3507 1125 3568 uorumi
1136 3545 1280 3567 .......

165 3616 361 3696 praetorium'
383 3634 459 3693 quae
477 3614 668 3695 probabiliter
682 3616 724 3703 sie
739 3613 935 3676 restituuntur
954 3616 1119 3677 ‘referente
1140 3616 1281 3692 *momen

163 3729 313 3803 praetoris
336 3727 520 3800 absumptum
541 3721 599 3805 est]
620 3732 766 3804 praetore.
804 3728 894 3788 tum’,
917 3744 971 3804 pro
1002 3725 1201 3786 Frontiuiauis
1224 3725 1301 3791 llo,

165 3835 315 3898 dericbius
347 3835 420 3896 baec
443 3833 606 3896 uenditauit
633 3836 719 3913 ‘post
742 3833 891 3895 biennium
919 3835 1024 3895 deiude
1052 3843 1150 3895 actum
1178 3844 1223 3896 est.
1250 3838 1280 3896 in

113 4016 116 4022 ,
166 3948 270 4013 senatu
297 3948 335 4007 de
358 3943 589 4008 consummando
613 3941 676 4005 eius
703 3962 796 4022 aquae
823 3961 930 4024 opere;
958 3943 1161 4022 frequentibus
1183 3954 1281 4008 autem

165 4026 364 4119 llomauorum
377 4056 461 4117 bellis
477 4052 694 4137 praetermisso,
710 4053 828 4114 demum
843 4060 911 4133 post
925 4071 1036 4114 nonum
1051 4071 1160 4114 annum
1174 4074 1280 4118 rursus

166 4167 306 4228 lliuntius
326 4175 444 4247 praetor
463 4185 526 4226 rem
548 4163 657 4225 retulit.
676 4166 773 4224 tum':
797 4162 910 4225 scilicet
930 4165 1077 4224 ‘nonum'
1101 4181 1136 4224 ex
1158 4164 1280 4228 incertis

167 4275 354 4338 Cassinensis
368 4277 474 4339 litteris
491 4274 641 4338 ‘nurumi'
658 4271 825 4354 expiscatus
837 4280 881 4334 est
899 4272 949 4352 qui
964 4272 1134 4336 Vaticanum
1147 4275 1278 4337 codicem
