2798 4896
145 243 184 302 10
570 263 650 304 1vn11
672 263 828 305 rnourrur

144 412 227 484 lons,
245 410 313 488 quia
327 409 465 472 Marciam
481 411 536 473 sibi
549 413 686 473 sulficere
703 413 918 493 adparebat,‚in
935 412 1086 476 Claudiam
1103 414 1257 475 derinatus

145 524 205 590 est,
224 525 362 578 manente
383 517 473 579 nihilo
488 518 587 580 minus
601 519 793 599 praesidiario
813 520 844 580 in
860 520 1012 591 Marciam,
1034 527 1065 580 ul
1080 520 1119 580 ita
1137 520 1256 581 demum

146 622 295 684 Claudiam
316 641 421 700 aquam
441 622 595 685 adiuuaret
616 625 761 702 Augusta,
788 625 813 686 si
835 644 899 687 eam
919 625 1026 686 duetus
1049 624 1173 685 Marciae
1196 644 1255 686 non

144 737 273 809 raperet.
319 729 457 790 Claudiae
479 731 587 792 ductus
608 731 697 792 habet
721 731 934 811 longitudinem
963 748 1107 811 passuum
1131 731 1257 808 quadra-

144 837 223 915 ginta
247 854 298 896 sex
319 834 432 897 milium
452 839 737 912 quadringentorum
759 856 829 898 sex:
855 855 890 896 ex
914 853 948 896 eo
973 835 1039 897 rino
1063 835 1284 896 subterraneos

144 961 286 1024 passuum
301 941 419 1018 triginta
435 960 486 1002 sex
501 942 612 1003 milium
631 942 824 1005 ducentorum
839 941 973 1019 triginta,
989 959 1078 1021 opere
1094 959 1181 1021 supra
1196 948 1257 1002 ter·

144 1067 208 1110 ram
222 1066 367 1128 passuum
382 1048 487 1108 decern
507 1048 619 1110 milium
635 1056 750 1109 centum
767 1047 952 1129 septuaginta
968 1065 1035 1109 sex:
1059 1065 1094 1107 eu
1114 1065 1149 1107 eo
1167 1066 1257 1126 opere

144 1159 265 1215 areuato
287 1152 317 1212 in
339 1152 485 1232 superiori
508 1161 591 1232 parte
613 1154 749 1234 pluribus
769 1154 843 1216 loeis
865 1172 1007 1233 passuum
1031 1152 1120 1213 trium
1142 1151 1255 1213 milium

144 1260 329 1342 septuaginta
347 1277 412 1328 sex,
433 1265 462 1318 et
481 1277 573 1338 prope
595 1259 699 1320 urbem
721 1259 878 1340 ascptimo
896 1259 1021 1320 miliario
1037 1257 1256 1319 substructione

142 1366 275 1427 riuorum
291 1383 344 1445 per
361 1381 468 1444 passus
483 1371 639 1427 sexcentos
655 1386 777 1438 nouem,
799 1385 889 1446 opere
909 1372 1028 1426 arcuato
1045 1383 1187 1444 passuum
1203 1383 1255 1424 sex
1271 1386 1296 1426 10

102 1456 103 1459 ¹
145 1468 257 1529 milium
274 1467 557 1547 quadringentorum
573 1472 731 1549 nonaginta
747 1479 775 1533 et
793 1473 890 1534 unius.

105 1587 135 1636 15
230 1573 302 1634 Anio
318 1593 415 1637 nouus
434 1577 480 1637 uia
503 1576 675 1638 Sublacensi
695 1578 731 1638 ad
754 1577 909 1639 miliarium
928 1576 1186 1654 quadragesimum
1210 1594 1256 1635 se-

144 1679 274 1741 cundum
295 1678 325 1739 in
342 1680 511 1743 Simbruino
526 1682 671 1762 excipitur
686 1702 721 1743 ex
740 1683 876 1757 llumine,
898 1684 975 1762 quod
993 1700 1061 1743 cum
1081 1688 1176 1741 terras
1192 1680 1257 1741 eul-

144 1796 189 1846 tas
205 1785 283 1846 eirea
301 1804 332 1844 se
349 1785 454 1847 babeat
469 1787 524 1848 soli
539 1788 657 1867 pinguis
673 1796 702 1848 et
717 1789 785 1850 inde
799 1791 879 1870 ripas
897 1789 1069 1856 solutiores
1087 1785 1174 1846 etiarn
1192 1786 1254 1846 sine
1316 1836 1319 1842 .

143 1891 312 1970 pluuiarnm
326 1889 431 1953 iniuria
450 1892 587 1953 limosum
607 1901 635 1954 et
654 1894 857 1957 turbulentum
872 1895 945 1956 lluit.
988 1893 1113 1970 ideoque
1131 1911 1147 1951 a
1163 1892 1254 1952 lauci-
1270 1917 1293 1958 u

142 1996 199 2058 bus
223 1997 330 2058 ductus
354 1993 528 2076 interposita
549 2005 593 2058 est
614 1997 728 2077 piscina
757 2000 884 2071 limaria,
913 1999 962 2060 ubi
987 1999 1199 2059 interamnem
1226 2005 1255 2058 et

144 2120 268 2181 specum
282 2101 459 2162 consisteret
473 2110 502 2162 et
517 2103 678 2180 liqueretur
693 2122 778 2181 aqua.
802 2105 845 2166 sie
860 2123 976 2183 quoque
992 2104 1129 2182 quotiens
1144 2102 1253 2164 imbres

143 2207 372 2286 superueniunt,
396 2209 511 2270 turbida
535 2210 672 2290 peruenit
695 2211 726 2271 iu
741 2211 853 2274 urbem.
884 2209 1015 2287 iungitur
1038 2211 1064 2270 ei
1079 2210 1162 2271 riuus
1181 2209 1255 2269 Her-

144 2312 286 2375 culaneus
306 2315 405 2377 oriens
421 2317 521 2377 eadem
538 2318 584 2379 uia
599 2317 634 2378 ad
651 2317 808 2379 miliarium
824 2316 1008 2378 tricesimum
1023 2324 1160 2378 octauum
1176 2336 1191 2377 e
1207 2335 1256 2377 re-

142 2419 228 2497 gione
251 2420 375 2482 fontium
395 2422 531 2483 Claudiae
550 2431 632 2483 trans
653 2423 762 2483 llnmen
787 2422 930 2499 uiamque.
964 2429 1073 2483 'natura
1094 2433 1140 2482 est
1154 2423 1253 2503 puris·
1268 2453 1294 2492 20

142 2524 250 2596 simne,
276 2532 321 2585 set
341 2528 448 2591 mistus
464 2531 587 2608 gratiam
610 2527 774 2606 splendoris
796 2527 840 2588 sui
857 2527 972 2589 amittit.
1007 2527 1114 2587 ductus
1132 2527 1254 2588 Anionis

141 2631 212 2692 noui
234 2633 325 2693 elficit
338 2653 481 2713 passuum
496 2633 707 2714 quinquaginta
729 2610 796 2695 octo
817 2634 895 2696 milia
917 2634 1135 2714 septingentos:
1164 2653 1198 2695 ex
1219 2654 1254 2696 eo

141 2737 206 2799 rino
236 2740 430 2802 subterraneo
460 2761 603 2822 passuum
628 2741 819 2818 quadraginta
846 2758 953 2801 nouem
981 2738 1061 2800 milia
1093 2748 1254 2810 trecentos,

142 2864 231 2924 opere
254 2864 343 2928 supra
360 2854 469 2907 terram
494 2866 637 2927 passuum
655 2866 762 2909 nouem
781 2844 859 2907 milia
882 2845 1129 2928 quadringentos:
1158 2863 1194 2905 ex
1218 2864 1253 2906 eo

142 2950 413 3013 substructionibus
432 2960 481 3012 aut
502 2972 592 3032 opere
607 2959 727 3014 arcuato
749 2950 895 3030 superiori
915 2957 999 3031 parte
1020 2947 1155 3030 pluribus
1181 2948 1253 3011 loeis
1267 2984 1292 3023 25

140 3075 283 3137 passuum
299 3057 356 3118 duo
378 3057 497 3135 [decim]
514 3058 592 3120 milia
607 3063 772 3127 trecentos
795 3064 825 3116 et
838 3055 962 3135 propius
979 3054 1083 3117 urbem
1097 3076 1113 3118 a
1128 3055 1253 3136 septimo

141 3163 264 3224 miliario
291 3162 510 3224 substructione
539 3164 672 3224 riuorum
695 3179 802 3242 passus
829 3168 983 3222 sexcentos
1008 3179 1130 3233 nouem,
1164 3180 1253 3241 opere

50 3329 51 3333 ,
140 3277 260 3331 arcuato
276 3288 418 3349 passuum
435 3287 486 3329 seu
501 3269 579 3329 milia
591 3269 822 3348 quadringentos
836 3268 994 3346 nonaginta
1010 3286 1111 3329 unum.
1137 3268 1168 3328 hi
1184 3274 1254 3328 sunt

139 3395 226 3437 arcus
243 3375 392 3447 altissimi,
409 3375 556 3437 subleuati
571 3376 601 3437 in
616 3375 792 3452 quibusdam
806 3372 879 3435 loeis
895 3374 986 3452 pedes
1002 3380 1121 3434 centurn
1135 3392 1252 3434 nouem.

100 3497 132 3548 16
227 3484 282 3542 Tot
299 3500 442 3559 aquarum
458 3489 517 3541 taur
533 3481 634 3542 multis
654 3477 832 3539 necessariis
847 3477 975 3539 molibus
988 3479 1154 3558 pyramidas
1171 3481 1252 3542 uide·
1266 3515 1291 3556 30

139 3587 209 3648 licet
230 3587 340 3648 otiosas
362 3606 506 3666 conpares
521 3593 570 3648 aut
590 3593 686 3647 cetera
706 3584 809 3645 inertia
827 3590 872 3644 set
895 3583 970 3645 lama
994 3585 1142 3648 celebrata
1164 3602 1253 3665 opera

141 3694 330 3755 Graecorum.

208 3883 217 3932 1
238 3882 355 3930 martiam
373 3882 411 3942 01
429 3880 598 3946 abparebatC
616 3879 619 3942 1
638 3881 655 3928 2
672 3879 764 3929 niebilo
782 3877 803 3927 0
820 3876 824 3938 1
844 3877 879 3924 ud
896 3876 934 3940 01
955 3878 971 3928 5
990 3876 1103 3928 CCGGVI
1121 3876 1183 3929 add.
1202 3877 1252 3924 Po-

137 3974 229 4037 lennsl
251 3973 380 4024 lCadd.
395 3973 525 4033 Polenusl
550 3970 579 4020 ll
595 3985 675 4020 unum
690 3969 732 4031 01
757 3968 789 4019 12
808 3967 882 4032 Auyo
897 3967 940 4029 01
964 3966 1151 4017 13Simbruino
1161 3968 1254 4028 scripsi

138 4066 259 4115 subrnino
277 4065 330 4131 (uel
341 4062 476 4126 subrinno)
496 4064 538 4122 01
563 4062 595 4112 18
614 4071 638 4111 et
654 4063 686 4121 0,
706 4077 750 4110 em.
771 4058 897 4109 locandus
916 4058 921 4122 1
941 4057 975 4107 20
995 4064 1084 4106 natura
1106 4066 1145 4106 est
1160 4058 1253 4118 scripsi

139 4166 226 4204 umore
245 4155 287 4219 01
308 4155 475 4221 pessimusC
505 4153 508 4216 1
541 4152 572 4202 21
586 4153 684 4201 amidtn
708 4153 729 4202 0
752 4151 755 4205 1
786 4149 905 4199 DuotuC
932 4149 936 4210 1
962 4147 995 4196 25
1013 4147 1063 4195 aud
1081 4147 1123 4209 01
1146 4149 1193 4213 prir
1209 4146 1251 4209 01

136 4248 171 4300 26
185 4248 265 4297 decim
278 4249 326 4296 del.
345 4248 453 4297 Pozenos
468 4243 472 4310 1
488 4244 522 4295 28
540 4243 724 4307 quadragintos
739 4240 760 4290 0
779 4242 782 4292 l
802 4240 834 4291 31
853 4240 903 4288 aud
920 4239 940 4288 0
958 4239 963 4301 1
984 4251 1060 4302 opere
1075 4237 1096 4287 0
