2798 4896
128 220 169 283 to
553 237 633 279 trau
655 237 812 280 recusam

128 388 185 450 bus
208 387 316 450 Acilius
337 386 449 453 Auiola.
481 395 549 468 post
571 406 660 466 quem
681 387 860 469 imperatore
880 386 978 450 Nerua
996 386 1036 449 lll
1055 397 1087 450 et
1101 387 1247 469 Verginio

130 496 206 559 Rulo
230 495 269 555 111
290 493 462 556 consulibus
482 495 517 556 ad
541 513 596 556 nos
619 513 690 556 cura
712 490 854 554 uanslata
875 501 931 553 est.
1177 474 1182 482 ’

71 615 121 669 103
215 601 301 662 Nunc
322 618 397 678 quae
419 601 580 662 obseruare
602 605 721 660 curator
741 615 884 676 aquarum
906 598 1017 687 debeat·
1030 607 1059 662 et
1074 601 1172 680 legem
1194 623 1245 665 se

129 716 276 786 natusque
298 707 432 769 consulta
453 707 488 769 ad
508 705 715 766 instruendum
736 713 835 766 aetum
856 703 1034 783 pertinentia
1052 706 1243 787 subiungam.

129 816 209 878 circa
231 814 278 877 ius
304 812 456 875 ducendae
480 829 573 889 aquae
599 811 629 872 in
648 809 772 893 priuatis
792 810 979 873 obseruanda
1000 820 1084 885 sunt,
1111 831 1150 873 ne
1170 814 1273 891 quise
1376 840 1379 845 ·

130 921 194 988 sine
209 919 315 981 litteris
331 918 480 987 Caesaris,
502 916 529 984 id
555 924 658 977 estne
681 916 748 995 quis
770 935 876 994 aquam
898 915 1048 996 publicam
1068 937 1128 980 nou
1146 918 1243 1000 impe-

128 1033 246 1097 tratam,
264 1033 294 1085 et
312 1043 349 1085 ue
364 1022 575 1102 quisamplius
593 1042 681 1101 quam
702 1006 871 1104 impetrauit
887 1021 985 1084 ducat.
1020 1023 1061 1085 ita
1077 1023 1155 1087 euim
1175 1025 1243 1086 elli-

128 1129 241 1190 ciemus
261 1134 292 1189 ut
306 1128 426 1199 modus,
447 1145 535 1205 quem
551 1129 665 1206 adquiri
684 1128 823 1198 diximus,
848 1128 943 1207 possit
968 1129 1002 1190 ad
1018 1147 1114 1190 nouos
1131 1129 1242 1191 salien-

128 1242 175 1294 tes
198 1241 227 1293 et
251 1233 286 1294 ad
313 1251 389 1296 noua
410 1235 552 1295 beneficia
574 1233 717 1316 principis
739 1231 913 1316 pertinere.¹
934 1235 963 1295 iu
985 1242 1111 1313 utroque
1138 1241 1239 1297 autem

128 1357 233 1419 magua
257 1358 326 1400 cura
345 1340 499 1421 multipiici
515 1340 690 1420 opponenda
705 1339 799 1402 lraudi
816 1346 875 1400 est:
898 1339 1023 1401 sollicite
1037 1339 1161 1402 subinde
1182 1341 1240 1402 du·
1256 1364 1282 1405 ro

129 1455 195 1509 ctus
219 1454 300 1507 extra
323 1446 426 1508 urbem
442 1445 645 1508 circumeundi
665 1446 701 1508 ad
719 1445 958 1524 recognoscenda
977 1444 1137 1522 beuellcia;
1158 1445 1240 1508 idem

128 1553 159 1616 in
173 1553 303 1615 castellis
320 1561 349 1614 et
365 1551 539 1613 salientibus
553 1550 681 1631 publicis
698 1551 878 1619 laciendum,
896 1560 927 1612 ut
942 1551 1005 1611 siue
1021 1549 1241 1613 intermissione

128 1658 234 1721 diebus
251 1661 439 1733 noctibusque
460 1677 535 1736 aqua
556 1657 636 1719 lluat.
667 1657 745 1736 quod
764 1662 885 1718 senatus
906 1673 1025 1734 qunque
1046 1655 1181 1719 consulto
1196 1657 1241 1718 la-

73 1775 121 1826 104
131 1783 198 1827 cere
219 1773 340 1827 curator
364 1763 496 1832 iubetur,
526 1763 610 1824 cuius
632 1764 706 1826 haec
729 1764 820 1826 uerba
849 1771 933 1825 sunt:
962 1762 1066 1833 ‘Quod
1083 1762 1117 1834 Q.
1137 1763 1240 1825 Aelius

129 1869 246 1937 Tubero
265 1869 373 1932 Paulus
388 1869 496 1931 Fabius
515 1868 656 1934 Maximus
675 1890 736 1932 cos.
756 1873 789 1932 ll.
806 1870 838 1930 F.
861 1870 898 1931 de
913 1888 1037 1932 numero
1051 1868 1240 1950 publicorum
1257 1890 1282 1930 n

129 1974 298 2037 salientium
325 1977 374 2054 qui
399 1977 429 2037 in
450 1977 523 2038 urbe
545 1985 647 2038 essent
667 1978 802 2056 intraque
826 1977 956 2037 aedilicia
979 1974 1045 2037 urbi
1072 1974 1239 2047 coniuncta,

129 2101 204 2161 quos
227 2081 264 2143 M.
286 2083 415 2165 Agrippa
437 2083 565 2154 lecisset,
591 2082 625 2152 Q.
646 2083 677 2144 F.
696 2083 730 2145 l'.
755 2083 788 2146 b.
811 2084 845 2143 E.
870 2084 904 2145 R.
923 2084 944 2146 l.
961 2083 992 2144 G.
1022 2098 1116 2159 neque
1137 2082 1241 2160 augeri

130 2187 247 2266 placere
264 2207 319 2250 nec
340 2189 432 2251 minui
448 2207 602 2250 nummum
619 2189 807 2269 publicorum
829 2188 1012 2260 salientium,
1031 2206 1106 2266 quos
1127 2205 1208 2248 nunc
1221 2183 1240 2221 *

128 2313 194 2356 esse
209 2295 375 2358 retulerunt
404 2297 439 2365 ii,
467 2295 575 2374 quibus
598 2296 748 2374 negotium
772 2315 789 2356 a
816 2290 920 2356 senatu
946 2302 991 2356 est
1011 2296 1185 2375 imperatum
1207 2301 1241 2356 ut

127 2401 310 2482 inspicerent
329 2422 421 2480 aquas
440 2401 575 2483 publicas
595 2401 761 2479 inirentque
782 2419 937 2463 numerum
960 2401 1126 2464 salientium
1143 2400 1241 2481 publi·
1254 2420 1281 2461 ao

129 2525 241 2569 corum,
271 2508 400 2587 itemque
421 2509 539 2589 placere
556 2515 708 2568 curatores
729 2527 880 2587 aquarum,
904 2526 979 2585 quos
1002 2505 1048 2590 [S.
1064 2505 1111 2589 C.]
1132 2507 1240 2571 Caesar

129 2614 279 2690 Augustus
301 2632 336 2674 ex
357 2622 478 2676 senatus
501 2614 676 2676 auctoritate
699 2613 877 2685 nominauit,
902 2616 971 2676 dare
987 2631 1107 2695 operam
1128 2612 1170 2674 uti
1192 2632 1240 2674 sa·
1269 2665 1272 2670 .

126 2718 232 2780 lientes
263 2720 373 2799 publici
400 2740 488 2799 quam
516 2720 722 2782 adsiduissime
751 2721 879 2784 interdiu
908 2729 938 2782 et
966 2730 1055 2783 noctu
1078 2739 1184 2799 aquam
1209 2721 1238 2780 in

129 2844 214 2886 usum
233 2825 334 2905 populi
355 2828 534 2889 tunderent!
566 2828 598 2887 lu
623 2826 679 2887 buc
696 2835 818 2889 senatus
841 2828 976 2889 consulto
993 2825 1166 2888 crediderim
1188 2826 1241 2888 ad-

128 2932 288 2993 notandum
306 2933 384 3011 quud
401 2940 522 2994 senatus
541 2940 601 2994 tam
618 2932 719 3009 augeri
739 2952 825 3010 quam
847 2933 939 2995 minui
961 2931 1125 3019 salientium
1142 2930 1239 3010 publi·
1253 2949 1279 2989 as

128 3054 231 3097 corum
248 3055 404 3099 numerum
420 3038 556 3099 uetuerit.
589 3037 616 3098 id
640 3038 748 3099 lactum
771 3039 919 3106 existimo,
944 3036 1011 3116 quia
1027 3038 1131 3098 modus
1149 3056 1239 3115 aqua·

127 3161 193 3203 rum
208 3161 284 3220 quae
299 3143 324 3204 is
343 3143 527 3224 temporibus
545 3143 575 3203 in
592 3143 695 3204 urbem
712 3143 878 3211 ueniebant,
897 3151 1054 3221 antequam
1071 3144 1190 3206 Claudia
1209 3152 1239 3206 et

128 3248 200 3309 Anio
215 3267 312 3310 nouus
327 3249 567 3330 perducerentur,
583 3249 722 3311 maiorem
739 3251 936 3327 erogationem
960 3269 1065 3330 capere
1080 3268 1138 3310 non
1157 3248 1239 3311 uide-

198 3486 209 3536 l
230 3486 327 3551 acylius
349 3487 441 3551 auyola
465 3487 486 3538 0
507 3485 510 3552 1
534 3487 710 3554 imperatori)
734 3483 737 3552 1
764 3486 869 3552 3leges
892 3489 949 3541 cod.
974 3487 1038 3537 Vrd.
1060 3484 1063 3553 Ι
1089 3487 1238 3538 deonsulto

127 3580 148 3629 C
169 3579 173 3644 1
192 3577 285 3645 actum]
305 3595 362 3629 eum
380 3580 435 3629 eod.
458 3578 522 3630 Vrd.
544 3574 548 3643 1
570 3577 616 3628 sub
636 3578 789 3644 subiungam
803 3579 893 3641 priore
909 3579 956 3627 sub
974 3579 1073 3627 inducto
1092 3577 1112 3627 d
1132 3572 1136 3641 1
1157 3577 1173 3627 5
1191 3577 1238 3627 du-

126 3670 205 3720 cende
223 3686 303 3734 eaque
320 3668 358 3736 01
379 3668 396 3719 6
415 3669 513 3719 lldterls
533 3667 554 3718 θ
574 3667 577 3730 1
599 3667 771 3734 impetrauerit
789 3667 930 3719 Schultztus
953 3665 957 3733 1
978 3668 995 3718 8
1014 3667 1238 3733 1110110501Ιί-

126 3760 222 3810 citcsO
240 3757 243 3825 1
266 3760 295 3811 ll
307 3761 399 3810 idemm
419 3759 528 3809 castellis
544 3754 582 3824 01
604 3759 638 3808 12
655 3758 723 3809 udG
744 3754 748 3823 1
770 3759 981 3809 intermissionem
1000 3760 1021 3810 0
1039 3756 1043 3825 1
1065 3758 1097 3810 13
1111 3760 1238 3810 noctibus-

128 3865 177 3913 que
201 3851 262 3900 ndd.
281 3850 408 3902 locandus
438 3846 442 3917 1
472 3850 504 3900 14
530 3849 577 3899 hec
605 3865 706 3914 quoque
730 3842 788 3900 tl‘ba
812 3849 1004 3900 suut.elius0
1027 3850 1094 3914 quod
1119 3851 1146 3910 Q.
1176 3851 1237 3900 add.

125 3942 274 3997 Brissonius
292 3951 317 3992 et
335 3940 493 4004 Opsopoeus,
515 3941 582 4007 quod
595 3943 620 3992 in
635 3958 736 4007 quoque
754 3946 835 3993 lutere
852 3941 915 3990 uidit
932 3939 1117 4007 Dederielrius}
1136 3940 1166 3991 15
1179 3956 1239 3991 eon·

126 4031 167 4082 sul
186 4031 272 4094 0117
290 4048 407 4098 agryppa
427 4033 464 4100 01
485 4033 514 4083 18
531 4049 663 4083 numerum
682 4035 745 4089 add.
765 4033 891 4084 Ioeuradus
910 4032 914 4095 1
931 4031 1090 4087 arridendum
1109 4047 1175 4080 rrurm
1196 4032 1239 4082 GV

126 4138 183 4172 esse
194 4123 327 4172 seeundum
346 4124 451 4174 Plinium
467 4133 520 4174 nat.
536 4124 560 4174 t.
581 4124 710 4174 XXXVI
723 4123 775 4192 151
792 4124 824 4175 19
839 4124 873 4173 ud
892 4125 913 4175 C
933 4121 937 4190 1
959 4125 988 4173 21
1012 4123 1038 4172 S.
1058 4122 1085 4171 C.
1100 4129 1240 4184 suspectum

125 4213 220 4262 Poleao
238 4213 287 4263 del.
307 4213 446 4264 Sclultm'us
465 4213 469 4282 1
494 4215 526 4266 23
541 4209 746 4280 ρυ1110130127
768 4214 809 4264 his
829 4216 849 4264 G
868 4211 872 4274 l
895 4215 1006 4278 ‘28auyo
1022 4215 1043 4265 0
1062 4210 1066 4279 1
1088 4212 1241 4264 uidebantG
