2798 4896
133 211 196 277 vm

134 387 229 448 dicem
244 386 325 447 illum
348 406 364 448 a
379 384 466 446 Petro
481 377 621 456 diacono,
638 385 688 462 qui
703 385 810 447 Leonis
819 384 974 446 Marsicam
988 385 1140 446 historiam
1152 386 1248 447 Cassi-

135 515 258 558 nensem
284 495 481 565 continuauit,
508 495 651 574 scriptum
672 514 739 555 esse
761 494 919 556 iudicasset
939 495 992 573 (cl.
1014 495 1153 556 Marinius
1175 496 1248 556 actis

134 608 170 667 lr.
195 608 263 668 Aru.
287 626 316 685 p.
337 604 421 684 227).
458 606 536 683 quod
566 604 707 682 iudicium
733 623 839 666 uereor
866 623 903 664 ue
929 605 1008 666 nulla
1035 604 1144 665 aliare
1172 604 1250 665 inni·

133 724 212 778 tatur
243 734 332 793 quam
364 715 443 793 quod
478 714 691 776 Varronianum
725 714 823 775 locum
851 713 929 774 Petri
962 713 1077 776 diaconi
1106 714 1143 776 de
1175 714 1248 775 locis

134 826 245 887 sanctis
267 824 496 886 commentarius
522 824 664 901 sequitur.
707 823 762 884 etsi
789 823 878 901 igitur
904 823 976 885 certi
1005 823 1165 901 quidquam
1190 842 1248 884 non

132 936 201 997 licet
215 933 416 1014 pronuntiare,
437 933 618 1013 probabilius
634 941 732 998 tamen
744 933 780 994 ad
794 933 869 992 Xlll.
886 951 975 1011 quam
985 933 1022 995 ad
1034 932 1083 992 Xl.
1099 934 1250 994 saeculum

133 1045 204 1106 mihi
220 1044 352 1105 codicem
366 1043 478 1103 relerre
497 1042 609 1104 uideor.
640 1042 753 1103 litterae
769 1043 899 1103 minutae
924 1060 991 1103 cum
1011 1043 1070 1104 iarn
1090 1063 1106 1104 a
1127 1043 1248 1111 Gattola,

133 1154 184 1232 qui
200 1154 271 1215 satis
287 1160 318 1214 ut
329 1153 377 1213 illa
395 1159 489 1214 aetate
503 1153 641 1229 religiose
661 1153 771 1214 Poleno
791 1152 898 1214 librum
918 1152 1090 1234 descripsit,
1115 1153 1249 1214 ‘maxime
1316 1159 1317 1162 ’

133 1263 247 1325 attritae
272 1272 301 1323 et
321 1264 382 1323 lere
405 1262 601 1324 albescentes'
629 1263 815 1333 uiderentur,
843 1262 929 1322 bodie
956 1262 1029 1323 aliae
1052 1269 1197 1324 uetustate
1221 1271 1249 1323 et

132 1372 307 1441 humoribus
335 1380 533 1442 euanuerunt,
560 1371 633 1433 aliae
662 1381 722 1433 tam
742 1372 889 1433 obscurae
908 1380 977 1433 suot
995 1380 1028 1434 nt
1057 1373 1138 1434 uario
1163 1373 1249 1434 modo

133 1481 191 1561 legi
206 1483 332 1562 possint.
368 1481 506 1559 quocirca
529 1481 728 1543 Kellermanni
750 1483 823 1543 fides
844 1500 879 1542 eo
902 1500 960 1542 non
982 1482 1149 1543 debilitatur
1171 1482 1249 1559 quod

133 1592 281 1653 interdum
296 1611 363 1653 cum
379 1591 481 1652 Poleni
502 1591 738 1653 adnotationibus
761 1590 917 1671 discrepat.
955 1592 1061 1654 mirum
1085 1599 1182 1653 autem
1205 1599 1250 1652 est

132 1702 209 1780 quod
235 1701 373 1762 dilierunt
392 1702 478 1762 etiam
500 1701 667 1782 exemplum
687 1702 851 1782 scripturae
870 1722 885 1762 a
907 1701 1016 1763 Poleno
1038 1701 1137 1762 tabula
1158 1703 1181 1762 T
1201 1721 1250 1762 ex·

132 1829 271 1890 pressum
283 1818 312 1871 et
324 1810 613 1872 llellermannianum
623 1811 710 1890 primi
722 1819 751 1871 et
763 1811 885 1871 secundi
897 1811 1025 1890 capitum
1038 1812 1250 1892 apographum.

133 1920 183 1982 ubi
211 1940 277 1982 cum
305 1920 473 1982 accuratius
496 1919 735 1981 Kellermaunum
765 1929 832 1999 post
858 1920 1023 1981 ‘officium'
1044 1941 1070 1980 v.
1092 1919 1129 1979 12
1152 1940 1249 1981 rasam

131 2030 258 2092 litteram
277 2031 459 2110 expressisse
482 2031 613 2099 credam,
637 2030 738 2091 nescio
759 2049 797 2090 an
822 2049 921 2091 errore
944 2030 990 2091 uir
1010 2029 1136 2108 diligens
1158 2034 1248 2111 ‘per'

132 2142 192 2203 v.7
213 2140 344 2201 omiserit
363 2147 392 2200 et
413 2141 473 2201 ull
497 2140 633 2218 ‘susepi'
657 2139 818 2219 scripserit.
867 2147 1020 2221 praeterea
1037 2147 1134 2201 autem
1157 2140 1251 2201 sicubi

78 2331 83 2339 .
132 2249 162 2311 in
178 2257 316 2329 corrupta
332 2249 441 2311 codicis
457 2249 601 2328 scriptura
617 2249 687 2326 quid
703 2249 809 2311 incerti
828 2249 948 2312 suberat
970 2255 999 2311 et
1014 2251 1039 2311 si
1059 2250 1129 2328 quid
1151 2251 1249 2311 acrius

82 2345 85 2349 ’
134 2359 279 2421 Gattolam
295 2359 404 2421 uidisse
419 2359 635 2429 existimabam,
652 2359 908 2422 llellermaoniano
928 2361 1106 2421 testimonio
1118 2360 1251 2420 Polenia-

132 2487 203 2530 num
220 2469 440 2546 adiungendum
455 2486 522 2529 esse
538 2469 650 2530 censui.
679 2469 768 2530 rubro
784 2470 881 2530 colore
896 2469 1033 2531 librarius
1048 2469 1140 2549 pinxit
1152 2488 1217 2550 cap.
1233 2470 1245 2528 l

133 2578 255 2658 ‘Incipit
280 2579 421 2658 prologus
447 2578 630 2639 iuliilrontini
657 2579 687 2638 in
713 2579 787 2641 libro
817 2580 1023 2656 deaqueductu
1044 2577 1159 2650 urbis',
1182 2588 1250 2659 post

133 2690 228 2769 cap.3
244 2687 390 2768 ‘Explicit
404 2688 564 2768 prologus'
586 2696 615 2749 et
634 2689 711 2749 ‘Ab'
733 2689 869 2750 uocabuli
878 2689 1006 2768 priorem
1022 2688 1163 2760 litteram,
1182 2696 1249 2770 post

133 2817 197 2878 cap.
215 2799 256 2860 63
276 2798 369 2859 ‘liber
382 2799 495 2878 primus
510 2798 638 2879 explicit.
667 2798 743 2859 liber
765 2799 916 2860 secundus
932 2792 1061 2878 incipit',
1088 2798 1117 2858 in
1141 2798 1248 2878 princi·

131 2909 188 2989 piis
211 2909 338 2989 capitum
361 2908 499 2969 65-73
520 2926 662 2985 aquarum
684 2909 817 2975 nomina,
852 2926 915 2988 cap.
929 2908 1053 2970 78-80
1068 2916 1098 2968 et
1113 2906 1248 2970 82-84

132 3019 194 3079 ‘Ex
214 3024 277 3089 eo’,
299 3038 363 3097 cap.
380 3017 420 3079 86
436 3017 492 3078 ‘Ex
507 3018 637 3095 quibus'.
681 3017 917 3097 interpunctione
939 3035 1063 3097 prorsus
1085 3019 1120 3078 ad
1143 3018 1249 3079 lubidi-

131 3147 200 3189 nem
215 3147 288 3189 usus
305 3135 364 3200 est,
385 3135 471 3189 notas
493 3137 591 3190 autem
614 3128 721 3206 quibus
744 3127 808 3188 siue
829 3135 890 3190 tota
914 3127 1063 3188 enuntiata
1086 3127 1148 3189 siue
1170 3147 1248 3189 com·

131 3245 208 3298 mata
224 3237 339 3316 singula
357 3236 551 3316 distingueret
566 3236 698 3299 adhibuit
713 3245 857 3318 punctum
878 3244 906 3297 et
926 3237 1074 3315 obliquam
1090 3235 1198 3298 lineam
1220 3246 1249 3298 et

130 3348 209 3425 quod
231 3355 339 3409 uocant
353 3349 471 3426 signum
491 3348 683 3409 exclamandi.
726 3366 822 3424 neque
846 3346 1026 3424 aequabilius
1048 3365 1080 3408 ea
1104 3347 1208 3419 uerba,
1232 3368 1248 3409 a

132 3457 239 3536 quibus
262 3477 339 3520 noua
361 3458 499 3538 incipitur
522 3458 682 3525 sententia,
717 3458 804 3518 modo
833 3457 989 3535 grandiore
1011 3457 1248 3536 Langobardicae

130 3569 295 3648 scripturae
311 3568 405 3629 littera
419 3566 571 3648 insigniuit
593 3568 678 3629 modo
701 3585 794 3646 aeque
818 3567 929 3629 minuta
951 3587 985 3629 ac
1006 3568 1118 3646 reliqua
1140 3569 1247 3648 posuit.

129 3677 305 3755 aliquotiens
326 3697 393 3738 cum
407 3676 546 3738 traditum
561 3676 767 3739 Frontinianae
783 3677 923 3740 orationis
935 3679 1069 3740 ordinem
1082 3687 1249 3758 permutas-

129 3795 188 3858 set,
211 3787 288 3848 binis
303 3788 435 3848 ternisue
455 3787 591 3868 inpositis
610 3788 742 3868 apicibus
762 3806 821 3866 quo
843 3788 929 3849 modo
946 3788 1089 3850 uocabula
1109 3788 1248 3867 coniungi
1348 3851 1350 3856 ,

129 3898 218 3958 uellet
241 3898 411 3960 declarauit.
456 3899 629 3979 compendia
656 3899 816 3960 uerborum
838 3918 984 3978 perpauca
1009 3898 1197 3977 reperiuntur
1217 3908 1247 3959 et

129 4008 205 4085 apud
224 4026 328 4069 omues
345 4009 532 4088 peruulgata,
556 4007 732 4089 syllabarum
747 4008 889 4088 plurima,
912 4008 941 4068 in
958 4006 1066 4085 quibus
1081 4007 1244 4088 principem

128 4116 257 4178 sicilicus
278 4117 375 4178 locum
391 4117 504 4179 obtinet
525 4117 575 4196 qui
595 4126 626 4179 ut
645 4117 742 4179 uarias
758 4117 871 4179 litteras
886 4117 1109 4196 comprehendit
1122 4117 1161 4178 ita
1182 4118 1246 4198 ipse

126 4225 198 4287 alias
220 4227 254 4287 ad
278 4226 384 4288 lineam
407 4227 539 4288 directus
566 4226 639 4289 alias
668 4228 698 4288 in
721 4226 940 4289 similitudinem
970 4234 1112 4288 accentus
1138 4227 1244 4289 Graeci
