2834 4890
456 271 499 310 nu
522 268 619 318 aurrs
640 267 734 309 varus
755 265 865 308 nonan
887 266 983 306 urrann
1005 265 1031 305 11
1255 239 1295 302 35

185 421 307 482 aestiuis
327 420 471 490 imbribus
493 418 596 488 sentit,
622 437 680 495 quo
696 426 826 497 tempore
841 410 932 498 [exiit]
951 414 1060 493 gratior
1075 434 1218 494 aquarum
1234 419 1296 480 sin-

185 527 292 586 ceritas
314 526 447 604 exigitur.
493 532 521 584 et
541 525 614 585 alter
630 524 748 601 quidem
766 540 801 580 ex
822 521 882 591 his,
904 522 933 582 id
949 529 995 582 est
1010 521 1082 583 Anio
1104 530 1205 593 uetus,
1226 527 1345 586 11111191

184 631 332 711 plerisque
351 630 423 691 libra
442 631 479 690 sit
497 629 627 696 inferior,
644 627 862 689 incommodum
877 627 954 689 intra
972 647 1003 688 se
1019 634 1109 689 tenet.
1130 647 1227 690 nouus
1242 649 1295 691 au-

183 744 243 795 tem
261 736 333 797 dnio
348 735 470 796 uitiabat
487 742 611 805 ceteras,
627 752 694 794 uam
710 751 778 793 cum
795 733 976 795 editissimus
992 733 1089 794 ueniat
1105 740 1134 793 et
1148 733 1294 813 inprimis

158 861 170 897 5
184 841 347 911 abundans,
362 840 518 900 defectioni
534 840 657 902 aliarum
672 838 830 900 succurrit.
858 838 1003 919 imperitia
1019 857 1091 900 uero
1107 841 1294 917 aquariorum

183 946 393 1008 deducentium
408 946 438 1005 iu
459 946 572 1007 alienos
586 964 654 1006 eum
670 963 777 1024 specus
793 945 986 1023 frequentius,
1008 966 1096 1025 quam
1111 947 1294 1027 explemento

184 1072 259 1133 opus
282 1060 359 1121 erat,
384 1050 471 1112 otiam
492 1050 673 1112 sufficientes
688 1069 780 1129 aquas
797 1051 982 1130 inquinabat,
1003 1053 1127 1114 maxime
1144 1052 1294 1115 Claudiam

184 1177 258 1236 quae
273 1177 326 1238 per
342 1155 432 1217 multa
449 1158 527 1218 milia
546 1176 689 1238 passuum
710 1157 830 1236 proprio
847 1157 935 1220 ducta
950 1159 1030 1230 riuo,
1053 1160 1162 1221 Romae
1176 1160 1315 1220 demum·

185 1282 252 1324 cum
267 1263 379 1323 ditione
398 1264 539 1341 permista
554 1264 584 1324 in
599 1264 655 1323 boc
673 1269 789 1341 tempus
805 1263 945 1341 perdebat
959 1264 1181 1344 proprietatem.
1206 1264 1295 1325 adeo-

148 1392 172 1432 11
186 1389 242 1448 que
259 1369 485 1432 oboedientibus
501 1388 561 1430 non
579 1369 823 1438 succurrebatttr,
847 1376 878 1428 ut
893 1369 1051 1447 pleraeque
1069 1376 1293 1431 accerserentur

185 1494 238 1555 per
249 1473 464 1556 inprudentiam
478 1493 537 1535 non
550 1473 592 1534 uti
606 1473 727 1551 dignum
742 1482 805 1535 erat
821 1492 913 1551 aquas
928 1474 1128 1554 partientium.
1156 1473 1294 1535 Marciam

184 1584 277 1660 ipsam
292 1581 450 1662 splendore
464 1589 493 1642 et
510 1581 619 1658 frigore
635 1579 833 1657 gratissimam
847 1579 961 1640 balucis
976 1599 1011 1640 ac
1027 1578 1188 1642 fullonibus
1202 1589 1232 1641 et
1247 1597 1295 1639 re·

184 1688 245 1747 latu
261 1705 379 1764 quoque
397 1685 491 1748 foedis
507 1683 679 1747 ministeriis
693 1684 944 1763 deprehendimus
962 1686 1153 1747 seruientem.
1191 1703 1294 1746 omnes
1311 1688 1345 1741 92

184 1811 255 1870 ergo
268 1792 397 1853 discerni
412 1792 532 1871 placuit,
552 1800 613 1853 tum
628 1790 760 1868 singulas
778 1791 816 1851 ita
832 1791 962 1853 ordinari
977 1799 1009 1852 ut
1025 1792 1055 1852 in
1070 1790 1173 1871 primis
1187 1789 1295 1850 Marcia

148 1919 171 1957 aa
185 1899 267 1978 potui
287 1906 347 1960 tota
363 1897 490 1959 seruiret
506 1906 535 1958 et
555 1898 695 1976 deinceps
715 1896 847 1974 reliquae
870 1898 1035 1957 secundum
1058 1916 1142 1958 suam
1162 1913 1296 1973 quaeque

185 2004 355 2081 qualitatem
372 2002 447 2083 aptis
465 2002 568 2064 usibus
583 2003 805 2081 assignarentur
820 2002 863 2062 sic
880 2001 990 2062 utalnio
1007 2008 1094 2063 uetus
1108 2002 1244 2082 pluribus
1261 2019 1297 2061 ex

186 2110 284 2170 causis
303 2129 361 2187 quo
382 2107 504 2169 inferior
524 2107 681 2187 excipitur,
703 2109 800 2170 miuus
814 2105 942 2169 salubris
959 2107 988 2166 in
1007 2107 1161 2171 hortorum
1177 2107 1297 2186 rigatio·

186 2229 252 2270 rtem
270 2210 364 2288 adque
389 2210 417 2270 in
434 2211 527 2290 ipsius
553 2212 633 2274 urbis
645 2215 814 2276 sordidiora
836 2194 928 2274 exiret
947 2214 1118 2277 ministeria.
1146 2231 1202 2273 nec
1224 2211 1296 2274 satis
1315 2213 1349 2265 tta

186 2315 240 2376 fuit
255 2316 381 2396 principi
397 2323 499 2377 nostro
516 2327 682 2380 ceterarum
697 2318 862 2379 restituisse
879 2320 994 2399 copiam
1008 2329 1037 2381 et
1049 2318 1188 2400 gratiam3
1208 2316 1297 2379 Anio·

150 2445 176 2483 ro
191 2423 235 2483 uis
258 2441 376 2500 quoque
397 2423 467 2485 noui
489 2423 557 2485 uitia
581 2424 695 2486 excludi
716 2443 804 2504 posse
827 2425 909 2487 uidit.
942 2427 1052 2490 omisso
1072 2424 1151 2489 enim
1175 2423 1295 2485 flumine

186 2527 280 2607 repeti
295 2547 330 2588 ex
345 2528 410 2591 lacu
430 2530 480 2608 qui
495 2537 646 2611 estsuper
661 2529 761 2590 uillam
775 2529 971 2593 Neronianam
987 2533 1230 2612 Sublaqueusem,
1246 2529 1297 2591 ubi

186 2634 407 2712 limpidissimus
429 2642 488 2705 est,
516 2636 611 2697 iussit.
649 2653 715 2695 uam
737 2655 805 2696 cum
827 2637 938 2699 oriatur
958 2637 1031 2699 Anio
1057 2657 1148 2718 supra
1170 2636 1297 2697 Trebam

186 2740 363 2816 Augustam,
389 2757 443 2800 seu
467 2741 534 2816 quia
557 2760 612 2820 per
638 2759 759 2803 saxosos
787 2751 902 2803 montes
931 2744 1063 2805 decurrit
1087 2744 1191 2824 paucis
1218 2743 1297 2805 circa

185 2842 283 2920 ipsum
301 2843 442 2922 oppidum
459 2843 662 2907 obiacentibus
678 2847 781 2919 cultis,
802 2867 855 2910 seu
873 2849 941 2926 quia
959 2849 1077 2911 lacuum
1098 2848 1251 2912 altitudine
1267 2848 1298 2909 in

149 2974 173 3012 aa
187 2967 261 3025 quos
283 2949 427 3029 excipitur
452 2949 533 3011 uelut
556 2951 738 3025 defaecatur,
766 2953 981 3016 imminentium
1002 2971 1120 3034 quoque
1144 2974 1298 3019 nemorum

187 3055 332 3133 opacitate
353 3054 552 3127 inumbratus,
576 3057 785 3136 frigidissimus
808 3059 897 3121 simul
922 3077 958 3120 ac
978 3059 1297 3141 splendidissimus-eo

188 3161 333 3237 peruenit.
365 3162 438 3223 liaeo
453 3170 512 3223 tam
528 3163 595 3224 felix
613 3163 778 3244 proprietas
797 3182 890 3241 aquae
906 3162 1043 3228 omnihus
1056 3164 1174 3229 dotibus
1190 3186 1298 3245 aequa-

188 3274 253 3325 tura
274 3264 427 3339 Marciam,
458 3267 541 3349 copia
565 3289 636 3331 troro
665 3277 840 3348 superatura
864 3271 963 3332 ueniet
982 3271 1012 3332 iu
1035 3271 1134 3334 locum
1156 3273 1297 3335 deformis

260 3417 269 3466 l
287 3414 407 3483 impribus
428 3419 464 3482 01
481 3422 541 3470 exiit
561 3424 601 3471 uel
615 3429 675 3471 exart
694 3423 720 3482 0,
741 3422 967 3474 del.Dedericlrina
982 3424 987 3486 1
1002 3426 1083 3475 aera
1101 3440 1167 3490 auyo
1187 3425 1296 3489 0151111-

190 3506 1191 3585 111111110111111111·οῇ[110181011111111019111111116110111101
1213 3518 1298 3568 llud

188 3595 320 3661 indignum
339 3597 376 3659 01
395 3599 424 3649 12
437 3600 570 3664 splendere
583 3601 621 3669 01
642 3612 666 3652 et
683 3601 780 3669 frigore
796 3604 936 3656 Sebultaius
949 3607 974 3654 iu
992 3607 1076 3671 rigore
1095 3619 1119 3659 et
1138 3611 1159 3659 0
1175 3617 1199 3658 et
1213 3610 1298 3674 rigore

189 3687 229 3740 ed,
246 3687 356 3736 Floreat.
383 3687 387 3751 1
420 3690 451 3739 12
469 3692 589 3741 101111110
611 3690 616 3756 1
645 3693 675 3745 13
693 3694 805 3746 fideiso
830 3693 834 3762 1
860 3696 1056 3763 depraendimus
1076 3698 1118 3765 01
1149 3696 1297 3765 14111101
1332 3759 1334 3763 ,

193 3779 330 3842 ltiainyoC
349 3778 353 3841 1
383 3781 528 3831 liinterior
546 3783 574 3839 0,
592 3799 637 3833 ent.
659 3785 848 3850 Dederiediual
873 3789 1037 3853 011011111101
1061 3791 1092 3842 19
1111 3791 1298 3856 gruanyonn

189 3871 210 3920 0
227 3869 232 3932 1
256 3869 288 3918 21
307 3871 512 3934 neronyanamG
530 3871 535 3934 1
555 3876 589 3924 22
604 3874 798 3940 limpidissimus
820 3876 960 3928 Sclauftzius
977 3880 1154 3945 limpidissima
1172 3883 1299 3944 Coquam

188 3968 247 4010 orate
264 3961 392 4010 eaeddisae
403 3963 492 4012 statuit
509 3963 668 4015 Heima'clu'ua
688 3965 693 4029 1
713 3967 778 4030 dnyo
797 3967 819 4018 0
837 3967 841 4030 1
862 3971 952 4020 tribum
970 3971 1008 4034 01
1024 3970 1057 4022 23
1069 3971 1184 4036 poncihis
1200 3973 1221 4023 0
1236 3987 1299 4037 pau·

189 4052 297 4101 cissimis
314 4050 455 4103 Schultzfns
475 4054 480 4117 1
503 4056 536 4105 at
552 4056 652 4122 oppidis
670 4059 702 4117 0,
721 4074 765 4108 cm.
781 4058 908 4110 Rubenius
924 4063 993 4110 elect.
1012 4060 1046 4108 II
1061 4062 1094 4113 35
1115 4064 1119 4127 1
1141 4064 1299 4114 altitudinem

189 4143 275 4205 0125
295 4158 353 4208 11110Ι
363 4145 396 4205 0,
411 4161 455 4196 ern.
473 4146 583 4196 Polenua
598 4145 602 4210 Ι
617 4147 693 4197 uelud
710 4148 797 4212 0126
816 4151 966 4215 opacitatem
984 4151 1142 4204 inumbraius
1158 4156 1198 4220 (iu
1215 4158 1256 4207 nel
1273 4157 1300 4204 ni

188 4234 307 4300 obscure)
327 4238 366 4301 01
380 4237 438 4288 siml
457 4233 544 4301 0127
568 4237 642 4307 haec]
663 4241 697 4290 Ec
715 4241 753 4305 01
768 4249 892 4305 aquatum
910 4241 997 4304 0127
1015 4253 1196 4309 superaturum
1213 4247 1234 4297 0

1054 4328 1099 4394 3*
