2798 4896
1248 230 1285 274 xl

174 385 258 446 cuius
279 385 322 446 rei
343 383 553 463 grauissimum
573 384 631 446 hoc
653 390 856 462 argumentum
883 391 929 443 est
952 383 1031 460 quod
1051 382 1155 463 capitis
1176 383 1216 445 86
1231 403 1287 446 nu-

172 513 269 556 meros
286 513 361 574 quos
377 504 491 557 tantum
508 485 688 556 non'omnes
706 494 835 555 Polenus
850 500 962 554 temere
977 492 1117 563 mutauit,
1139 512 1193 572 ego
1208 494 1286 556 haud

171 598 328 666 difficulter
361 604 500 666 reuocaui
534 605 569 666 ad
596 603 841 684 probabilitatem.
877 604 935 664 Sed
957 621 1017 663 non
1044 602 1153 664 Frustra
1178 623 1286 683 operae

171 714 294 776 multum
309 715 339 775 in
358 714 503 794 capitibus
519 714 657 776 37-63
678 713 863 794 consumpsi,
887 713 995 791 quibus
1010 718 1159 789 tamquam
1175 722 1286 793 appen-

170 825 235 885 dice
257 824 414 886 Frontinus
442 824 626 902 singulorum
652 823 836 886 modulorum
860 841 1003 901 aquarum
1029 822 1170 885 formulas
1195 823 1287 903 priori

171 934 245 996 libro
261 934 304 995 sic
319 934 424 996 adiecit
442 944 473 996 ut
488 934 598 996 moduli
614 934 758 1011 cuiusque
774 941 802 994 et
819 936 941 1011 liguram
957 932 1118 994 delinearet
1134 940 1163 993 et
1176 933 1288 994 descri-
1365 978 1373 984 -

170 1044 253 1104 beret
272 1043 446 1106 diametrum
459 1039 654 1124 perimelrum
674 1044 875 1124 capacitatem.
899 1043 1117 1120 quamodrem
1135 1061 1184 1107 cas
1201 1052 1286 1105 notas

170 1153 394 1232 partiumdigiti
409 1161 436 1214 et
449 1154 600 1231 quinariae
614 1152 745 1215 adhibuit
761 1171 834 1230 quas
848 1152 914 1213 libri
926 1152 1193 1232 inscriptionesquc
1209 1153 1285 1234 apud

171 1263 318 1324 Romanos
335 1264 365 1324 io
383 1282 439 1325 usu
454 1264 546 1325 luisse
559 1266 705 1325 testantur
720 1270 748 1324 et
768 1262 953 1324 Cassinensis
967 1262 1103 1340 quamuis
1118 1262 1219 1324 multis
1240 1281 1297 1323 er-r

170 1372 288 1435 roribus
302 1374 479 1454 deprauatas
494 1381 604 1435 seruat.
639 1373 795 1435 notabatur
809 1373 887 1432 enim
903 1371 1066 1452 scripulum
1080 1375 1116 1446 ᾖ,
1134 1373 1285 1434 semuncia

171 1485 206 1550 S,
241 1484 325 1546 uncia
342 1515 387 1556 -,
420 1491 538 1546 sextans
553 1482 600 1555 Ξ,
629 1480 826 1562 quadrans:
833 1505 878 1552 -,
911 1484 1005 1544 triens
1022 1481 1110 1550 ΣΞ,
1138 1481 1287 1560 quincunx

140 1641 141 1645 ,
170 1578 298 1666 Σὲ,
316 1595 448 1656 semissis
462 1596 491 1667 S,
506 1571 631 1675 septunx
645 1596 719 1665 S=,
735 1595 789 1656 bes
803 1592 879 1665 s:,
893 1594 1022 1655 dodrans
1038 1591 1148 1665 S:-,
1163 1593 1286 1654 dextans

170 1703 290 1775 s::,
322 1707 419 1767 deunx
447 1706 600 1769 S::-.
632 1723 812 1783 quamquam
838 1705 949 1783 aliquot
968 1707 1102 1766 notarum
1131 1703 1287 1765 uarietates

169 1817 198 1876 in
215 1823 353 1897 promptu
367 1826 463 1886 erant,
488 1834 554 1877 crun
573 1815 688 1877 unciam
704 1834 791 1896 saepe
807 1831 865 1877 non
883 1814 990 1877 lineola
1005 1815 1055 1876 sed
1072 1822 1182 1895 puncto
1197 1813 1288 1891 signi-

170 1929 290 1988 ficarent
306 1932 335 1985 et
350 1924 526 2004 quincuncis
538 1926 718 2004 deuucisque
733 1924 856 1989 lineolae
866 1925 922 1987 alio
938 1925 1038 1986 ordine
1055 1924 1244 1986 conlocarent
1258 1930 1287 1984 et

169 2043 331 2098 sextantem
345 2035 456 2098 librarii
471 2036 497 2114 Z
512 2036 611 2116 potius
637 2043 774 2117 notarent
792 2055 880 2115 quam
895 2033 944 2100 :.
988 2036 1046 2096 iam
1067 2052 1138 2096 uero
1159 2033 1287 2095 Polenus

168 2155 269 2227 partes
284 2145 349 2206 illas
364 2145 522 2223 digitorum
536 2145 650 2225 primus
666 2146 840 2209 calculando
862 2146 1019 2209 restituere
1033 2153 1156 2206 conatus
1171 2142 1287 2205 duabus

169 2255 259 2316 rebus
274 2254 457 2331 aliquantum
473 2254 598 2326 errauit,
621 2256 699 2332 quod
715 2273 811 2333 neque
826 2257 936 2318 codicis
950 2254 1083 2332 uestigiis
1099 2251 1204 2315 institit
1219 2272 1285 2314 cunr

169 2373 255 2436 notas
270 2383 329 2426 non
345 2363 529 2442 intellegeret
546 2371 574 2424 et
591 2383 731 2426 numeros
743 2365 951 2455 Frontinianos
963 2363 1068 2427 direxit
1082 2364 1119 2424 ad
1134 2362 1287 2424 Metianam

168 2474 302 2536 diametri
328 2473 536 2555 perimetrique
557 2475 715 2544 rationem,
742 2474 889 2536 ueriorem
910 2475 935 2535 si
957 2493 1020 2535 rern
1042 2473 1136 2554 ipsam
1159 2480 1286 2553 spectes,
1362 2513 1364 2516 ⁴

168 2585 266 2646 minus
282 2604 381 2646 ueram
401 2586 425 2646 si
444 2585 619 2646 Frontinum
638 2587 689 2663 qui
708 2604 768 2647 non
783 2585 879 2666 potuit
899 2603 958 2644 non
981 2583 1023 2646 uti
1049 2583 1164 2644 ratione
1186 2582 1289 2643 Archi-

168 2696 271 2756 medea
286 2714 373 2772 quarn
392 2701 452 2756 tota
475 2695 632 2774 antiquitas
649 2695 829 2757 obseruauit.
865 2694 902 2757 ab
921 2694 967 2756 his
986 2693 1076 2772 igitur
1097 2691 1202 2753 erratis
1220 2711 1286 2753 cum

168 2805 310 2876 cauerim,
341 2805 411 2866 nihil
424 2805 454 2866 in
469 2824 550 2867 mora
567 2805 670 2876 habui,
692 2806 850 2885 quominus
866 2824 961 2868 meum
978 2801 1143 2884 exemplum
1160 2821 1227 2862 cum
1241 2820 1288 2862 ra·

167 2915 247 2976 tione
260 2915 413 2996 scriptoris
421 2916 507 2994 plane
522 2916 731 2994 adaequalem,
756 2916 813 2978 nisi
822 2915 963 2994 hocquod
973 2912 1185 2976 minutissimas
1198 2930 1288 2990 quas-

167 3043 223 3102 que
239 3033 339 3104 partes
354 3025 417 3105 ipse
430 3024 589 3087 Frontinus
603 3044 662 3087 non
679 3027 783 3104 exigue
798 3034 827 3087 et
843 3024 954 3087 exiliter
968 3028 1004 3087 ad
1019 3025 1147 3091 calculos
1159 3029 1286 3092 uocauit.

167 3153 235 3196 nam
257 3134 337 3195 omni
362 3134 421 3197 uita
444 3135 592 3197 excultum
615 3135 787 3214 liberalique
818 3136 942 3216 politum
961 3137 1110 3216 doctrina,
1147 3158 1205 3201 non
1228 3159 1287 3202 uno

167 3244 388 3306 mathematicae
418 3246 588 3307 subtilitatis
617 3247 713 3308 studio
743 3245 915 3326 inplicatam
949 3245 1045 3308 uirum
1076 3268 1129 3328 pro
1151 3250 1286 3312 undecim

169 3343 320 3434 sc'ripuliS,
344 3363 376 3417 ut
393 3336 525 3436 exemplo
542 3364 622 3429 utar,
647 3365 879 3418 consentaneum
894 3362 943 3416 est<
955 3359 1137 3421 semunciam
1149 3359 1287 3441 posuisse

168 3463 345 3544 similiaque,
367 3485 443 3544 quae
461 3466 637 3545 negligentia
653 3467 716 3528 siue
735 3466 834 3547 potius
857 3452 1037 3544 indiligentia
1052 3468 1175 3530 maximo
1197 3490 1286 3550 appa·

167 3583 213 3636 ret
228 3575 278 3637 ubi
293 3575 361 3637 inde
376 3596 392 3638 a
408 3577 556 3638 uicenaria
572 3577 667 3638 fistula
682 3577 834 3656 perimetri
847 3577 990 3639 rationem
1006 3578 1095 3639 addit.
1131 3587 1287 3658 postquam

167 3686 244 3747 enim
260 3705 295 3746 ex
310 3685 470 3766 capacitate
487 3686 663 3746 diametrum
682 3693 860 3748 consecutus
876 3694 936 3757 est,
959 3705 994 3747 ex
1008 3685 1150 3749 diametro
1169 3706 1286 3750 rursum

167 3796 283 3857 uidetur
299 3795 433 3856 ellecisse
448 3795 641 3875 perimetrum
664 3814 738 3874 quae
761 3815 824 3857 eam
847 3796 884 3858 ob
908 3815 1042 3857 caussam
1065 3797 1162 3858 minus
1185 3806 1285 3860 exacte

166 3925 254 3984 quam
271 3905 417 3985 capacitas
431 3906 648 3982 diametrosque
664 3912 830 3984 computata
847 3913 900 3966 est.
925 3907 1050 3985 ideoque
1067 3925 1125 3967 non
1142 3926 1286 3986 nusquam

167 4017 288 4077 dubium
309 4023 354 4077 est
371 4015 585 4096 scriptoremne
608 4015 763 4076 credamus
785 4015 883 4075 minus
901 4023 1038 4076 accurate
1055 4025 1234 4098 supputasse
1249 4019 1286 4081 an

166 4145 225 4188 non
244 4105 462 4204 intellegentem
479 4132 614 4187 notarum
631 4143 745 4185 errasse
766 4123 928 4186 librarium.
970 4134 1141 4204 argumento
1163 4129 1201 4189 sit
1222 4148 1286 4208 cap.

167 4236 207 4296 26
230 4235 358 4314 ‘digitus
373 4237 535 4315 quadratus
557 4235 587 4297 iu
608 4236 767 4298 rotundum
789 4235 927 4297 redactus
948 4235 1035 4298 babet
1056 4236 1192 4299 diametri
1212 4237 1286 4316 digi-
