2798 4896
414 287 456 327 on
479 286 575 335 norm
602 287 697 329 rums
721 286 831 329 nonan
855 287 949 328 uranu
964 288 990 328 11
1215 267 1255 329 37

145 436 326 516 prouinciam
348 434 521 508 obuenisse,
545 443 577 498 ut
593 444 715 517 apparet
730 455 765 498 ex
782 437 813 498 S.
831 437 863 497 C.
878 437 956 515 quod
973 438 1082 498 lactum
1099 445 1146 498 est
1161 438 1193 498 C.
1208 437 1258 499 Li-

146 541 222 602 cinio
237 550 266 602 et
282 541 315 612 Q.
331 542 421 604 Fabio
438 562 499 605 cos.
515 541 725 623 [censoribus].
748 550 857 621 quanto
870 562 958 624 opere
975 550 1074 604 autem
1089 560 1177 603 curae
1193 543 1257 604 iue-
1272 557 1306 612 97

144 645 183 706 rit
198 664 234 706 ne
249 646 315 724 quis
335 646 445 709 uiolare
460 650 567 711 ductus
585 667 729 727 aquamue
745 668 805 711 non
827 667 1000 710 concessam
1016 647 1150 709 deriuare
1166 648 1254 710 aude·

145 758 206 821 ret,
233 770 300 811 cum
324 770 359 811 ex
379 752 480 814 multis
500 755 642 835 adparere
665 763 777 836 potest,
801 764 863 816 tum
885 761 913 814 et
937 772 973 815 ex
989 754 1046 816 hoc
1060 753 1138 831 quod
1156 753 1278 815 circus·

118 857 288 919 amaximus
305 875 343 917 ue
365 856 469 920 diebus
484 859 602 937 quidem
619 862 756 925 ludorum
775 856 952 924 circensium
967 857 1024 918 nisi
1047 860 1185 923 aedilium
1203 868 1253 922 aut

144 980 302 1023 censorum
316 963 464 1042 permissu
479 965 675 1044 inrigabatur,
693 971 771 1049 quod
788 970 912 1029 durasse
928 963 1015 1026 ctiam
1031 972 1188 1044 postquam
1203 985 1253 1027 res

142 1068 178 1128 ad
196 1076 347 1130 curatores
359 1069 476 1130 transiit
487 1071 542 1132 sub
554 1075 699 1152 angusto,
715 1083 786 1156 aput
800 1072 914 1134 Ateium
928 1071 1099 1151 Capitonem
1117 1070 1252 1148 legimus.

143 1173 205 1250 agri
221 1192 305 1245 uero,
330 1173 380 1252 qui
397 1193 471 1253 aqua
488 1177 607 1256 publica
623 1188 725 1243 contra
741 1180 837 1259 legem
852 1184 954 1238 essent
970 1175 1101 1254 inrigati,
1121 1175 1253 1256 publica·

142 1279 259 1339 bantur.
288 1280 416 1360 mancipi
439 1282 568 1346 etiamsi
592 1285 715 1347 olomeo
738 1289 863 1363 J[quem
880 1284 1025 1344 aduersus
1048 1279 1144 1357 legem
1167 1280 1254 1341 lecis-

107 1400 130 1439 ιο
144 1391 204 1453 set,
237 1383 329 1444 multa
357 1385 519 1450 dicebatur.
563 1390 593 1450 in
623 1391 718 1453 isdem
741 1391 856 1470 legibus
879 1389 1026 1449 adiectum
1047 1392 1091 1446 est
1115 1385 1167 1446 ita:
1197 1387 1252 1446 ‘ne

143 1489 209 1567 quis
224 1509 330 1569 aquam
344 1492 451 1555 oletato
466 1496 534 1557 dolo
555 1497 646 1568 malo,
668 1497 718 1558 ubi
733 1496 853 1578 publice
877 1492 970 1554 saliet.
1000 1491 1025 1552 si
1045 1490 1112 1568 quis
1127 1491 1251 1563 oletarit,

142 1595 346 1658 sestertiorum
362 1599 465 1662 decern
483 1602 596 1665 milium
612 1603 704 1665 multa
723 1607 809 1663 esto?
843 1600 965 1680 [oletato
982 1598 1100 1660 uidetur
1113 1617 1181 1660 esse
1201 1599 1254 1661 oli-

143 1702 208 1761 dam
225 1701 338 1786 facito]
385 1707 469 1768 cuius
484 1708 526 1769 rei
542 1729 631 1771 causa
646 1708 756 1770 aediles
772 1705 890 1769 curules
906 1702 1083 1765 iubebantur
1099 1721 1154 1783 per
1169 1703 1252 1766 uicos

143 1806 275 1884 singulos
291 1827 326 1869 ex
343 1809 379 1871 iis
399 1810 449 1889 qui
468 1812 698 1894 inunoquoque
718 1814 784 1875 uico
805 1811 971 1874 babitarent
990 1808 1148 1888 praediauc
1162 1808 1253 1871 habe·

106 1928 129 1967 15
142 1919 210 1972 rent
235 1912 322 1975 binos
342 1918 518 2005 praeficere,
551 1937 677 1997 quorum
694 1918 836 1980 arbitratu
857 1936 932 1995 aqua
952 1916 981 1976 in
1005 1915 1123 1996 publico
1140 1916 1251 1979 saliret.

140 2019 255 2098 primus
270 2019 308 2080 M.
324 2021 451 2104 Agrippa
466 2032 534 2103 post
548 2025 738 2096 aedilitatem,
765 2045 854 2103 quarn
873 2022 966 2101 gessit
981 2023 1159 2094 consularis,
1180 2043 1251 2104 ope·
1266 2034 1303 2088 98

141 2143 208 2186 rum
229 2144 352 2185 suorum
372 2133 401 2186 et
421 2148 577 2191 munerum
598 2131 678 2192 uelut
699 2139 862 2212 perpetuus
885 2138 1003 2192 curator
1027 2127 1090 2189 luit.
1120 2129 1171 2207 qui
1192 2129 1250 2191 iam

142 2230 226 2308 copia
240 2229 429 2308 permittente
444 2232 607 2317 discripsit,
623 2238 692 2315 quid
710 2256 853 2315 aquarum
863 2235 993 2318 ‚publicis
1009 2233 1164 2314 operibus,
1181 2235 1250 2312 quid

140 2335 269 2405 lacibus,
290 2335 359 2413 quid
376 2338 500 2418 priuatis
515 2343 643 2405 daretur.
673 2344 775 2406 babuit
795 2352 824 2405 et
842 2342 981 2404 lamiliam
997 2339 1146 2421 propriam
1162 2359 1251 2418 aqua·

103 2454 128 2493 2⁰
142 2462 222 2512 rum,
245 2461 320 2521 quae
336 2452 469 2508 tueretur
483 2449 590 2510 ductus
613 2449 707 2527 adque
720 2451 841 2532 ⁴castella
864 2455 895 2510 et
917 2449 1009 2510 lacus.
1053 2445 1130 2507 hanc
1145 2445 1251 2524 Augu·

141 2557 205 2611 stus
226 2550 389 2614 hereditate
404 2554 441 2616 ab
457 2573 492 2616 eo
511 2555 566 2616 sibi
585 2556 718 2618 relictam
733 2555 905 2634 publicauit.
948 2561 1016 2636 post
1037 2571 1103 2614 cum
1120 2551 1154 2622 Q.
1170 2552 1250 2614 Aelio
1266 2559 1302 2614 99

141 2657 298 2719 Tuberone
318 2658 409 2721 Paulo
429 2659 519 2721 Fabio
539 2661 662 2723 Maximo
687 2679 748 2722 cos.
768 2679 834 2722 cum
855 2679 904 2723 res
920 2678 1014 2738 usque
1035 2656 1116 2738 iojia
1130 2665 1250 2739 tempus

140 2761 224 2839 quasi
239 2770 383 2843 potestate
398 2774 462 2828 acta
478 2774 558 2828 certo
572 2767 635 2828 iure
648 2768 786 2847 eguisset,
803 2765 1072 2830 senatusconsulta
1089 2763 1165 2823 lacta
1181 2769 1251 2824 sunt

140 2888 175 2931 ac
195 2869 241 2930 lex
262 2873 455 2951 promulgata.
499 2874 649 2951 Augustus
669 2892 787 2953 quoque
807 2872 903 2934 edicto
925 2869 1085 2951 conplexus
1106 2878 1166 2941 est,
1192 2889 1250 2948 quo

102 2983 128 3022 ²³
140 2974 204 3036 iure
221 2984 375 3039 uterentur
395 2979 444 3056 qui
461 2998 496 3039 ex
512 2978 730 3041 commentariis
748 2978 892 3059 Agrippae
908 2996 999 3056 aquas
1013 2977 1172 3046 haberent,
1190 2985 1249 3039 tota

139 3100 172 3141 rc
195 3081 225 3143 in
247 3103 300 3144 sua
316 3084 458 3146 beneficia
480 3085 630 3147 translata.
674 3085 809 3146 modulos
831 3083 932 3152 etiam,
955 3084 992 3144 dc
1012 3084 1120 3162 quibus
1138 3084 1250 3145 dictum

140 3197 199 3258 est,
220 3191 372 3253 constituit
392 3199 421 3251 et
442 3190 485 3252 rei
512 3190 707 3253 continendae
728 3191 967 3268 exercendaeque
991 3197 1158 3252 curatorem
1181 3188 1251 3250 lecit

211 3348 269 3397 lud
290 3348 327 3411 01
343 3364 375 3398 ex
394 3364 424 3399 eo
443 3350 475 3413 0,
499 3366 545 3401 cm.
559 3351 678 3401 Pithoeus
693 3350 697 3414 1
713 3348 826 3414 clycynio
840 3345 943 3395 consule
954 3383 961 3398 .
974 3353 998 3395 et
1016 3345 1084 3398 labio
1101 3348 1249 3398 censoribus

139 3438 168 3499 0,
183 3453 227 3485 ern.
238 3438 347 3488 Poleour
362 3435 365 3503 Ι
381 3437 397 3489 3
410 3439 510 3489 deriuar
520 3468 530 3489 .
540 3440 695 3508 ui—{lderet
706 3445 744 3492 ita
762 3446 789 3489 ut
801 3453 851 3488 una
869 3439 956 3489 littera
973 3438 1047 3500 obsit,
1067 3455 1102 3490 ecc
1120 3438 1141 3489 0
1156 3444 1251 3490 notauit

141 3530 333 3578 Kellernmnaus
348 3528 352 3592 1
368 3532 384 3580 4
401 3532 523 3595 abparere
536 3542 623 3597 posset
643 3532 680 3596 01
696 3548 769 3582 arcus
787 3530 894 3581 obscure
912 3526 981 3595 Olb
999 3530 1074 3593 quide
1093 3527 1131 3595 01
1147 3535 1251 3595 cyrcen-

140 3621 205 3669 sium
224 3617 327 3681 Claud
347 3619 367 3669 0
386 3615 390 3684 1
412 3620 594 3687 6permissum
612 3622 633 3671 0
652 3622 656 3683 1
677 3624 693 3673 7
711 3623 806 3672 ateium
821 3622 842 3671 0
859 3621 864 3685 1
892 3623 909 3673 8
927 3638 951 3685 q;
968 3638 1020 3687 pro
1035 3637 1056 3690 q
1071 3619 1093 3669 0
1111 3620 1115 3684 1
1136 3628 1189 3670 ctra
1204 3619 1248 3687 01

139 3710 156 3762 9
174 3710 238 3759 clam
257 3711 352 3772 scripsi
365 3726 420 3761 cnm
435 3713 456 3762 0
473 3711 477 3775 1
499 3712 628 3777 legendum
645 3713 798 3779 mancipium
818 3716 858 3764 uel
874 3717 925 3765 tale
943 3715 1003 3779 quid
1021 3712 1026 3776 1
1046 3711 1148 3762 lecisset
1165 3711 1250 3761 Dede-

139 3801 232 3852 ciclica
245 3802 338 3851 iecisse
350 3800 386 3869 01
405 3800 437 3853 10
448 3802 625 3854 dicebanturO
639 3800 643 3868 1
661 3803 692 3852 12
702 3804 878 3856 sesttiorumc
891 3802 895 3871 1
917 3805 985 3854 milia
999 3804 1130 3854 multatum
1146 3803 1184 3864 01
1199 3803 1250 3853 ole-

139 3904 234 3946 tato-
246 3895 321 3944 facito
335 3895 429 3944 seclusi
446 3892 450 3956 1
476 3892 507 3943 13
522 3909 625 3944 causum
644 3896 666 3947 0
683 3895 687 3958 Ι
710 3896 843 3945 tuebantur
862 3897 915 3957 (tue
934 3912 1011 3962 aegre
1028 3898 1079 3960 legi
1092 3890 1189 3958 potest)
1205 3895 1227 3944 0
1243 3893 1248 3959 1

143 3989 172 4037 14
188 3988 213 4035 in
225 3984 287 4050 rino]
301 3984 410 4034 uicinoC
424 3983 428 4045 1
442 3984 578 4049 praediatus
588 3986 625 4050 01
641 3986 876 4052 isspermidtcnted
889 3986 893 4050 1
909 3986 1036 4052 discripsit
1053 3986 1148 4050 scripsi
1156 3985 1251 4035 deseri-

139 4079 190 4143 psit
210 4076 248 4140 01
264 4091 314 4140 quo
326 4076 423 4126 lucibus
442 4074 463 4123 0
482 4073 486 4134 1
507 4076 538 4127 21
560 4076 674 4126 ereditati
694 4072 732 4141 01
752 4077 784 4126 12
805 4091 857 4126 eos.
876 4093 932 4126 curn
953 4093 993 4126 res
1009 4061 1104 4140 scripsi
1118 4077 1250 4126 consulum

140 4168 248 4230 requeG
263 4182 330 4218 coss.
351 4168 376 4216 in
397 4182 424 4216 re
443 4164 644 4233 qnaePotcnusl
661 4166 693 4218 ‘23
711 4167 847 4232 eguisset)
864 4165 1225 4233 quiae—eguitlleden'cdiae
1244 4164 1249 4229 1

141 4257 261 4308 senaltais
284 4259 305 4308 0
329 4255 334 4323 1
357 4257 472 4308 consulto
494 4266 548 4307 actu
568 4259 600 4320 0,
625 4274 669 4310 em.
687 4259 800 4309 Potentia
818 4258 823 4322 1
844 4259 981 4310 251111αο
998 4255 1003 4326 1
1028 4259 1062 4309 27
1074 4256 1253 4308 curatoremd
