2798 4896
429 281 471 320 nn
490 279 584 328 novrs
600 261 697 320 'vanis
715 278 825 318 nouare
846 280 941 319 urana
958 280 970 318 1
1242 260 1262 318 5

148 431 268 491 lluluius
292 431 424 492 Flaccus.
472 429 578 491 Curius
602 428 676 487 intra
702 425 836 504 quintum
859 428 935 487 diem
958 446 1045 504 quarn
1069 436 1131 488 erat
1156 429 1262 488 duum-

147 535 240 594 uirum
269 543 386 596 oreatus
413 536 559 610 decessit;
586 533 676 612 gloria
700 532 859 611 perductae
887 533 1030 611 pertinuit
1054 533 1089 592 ad
1112 532 1259 594 Fuluium.

146 639 310 718 coneipitur
333 641 404 700 ¹lnio
432 649 517 701 uetus
543 658 633 719 supra
656 639 746 700 Tibur
770 639 911 699 uicesimo
940 636 1063 698 miliario
1087 648 1167 699 extra
1191 660 1260 719 por-

145 753 203 804 tam
226 745 468 821 †RRa...nam,
493 745 541 807 ubi
561 752 674 824 partem
697 747 751 804 dot
771 745 801 804 in
825 742 991 804 Tiburtium
1014 762 1111 807 usum.
1151 747 1259 807 ductus

62 913 65 917 ,
118 849 208 910 ⁵eius
231 850 319 911 habet
341 851 569 930 longitudinem,
592 850 630 910 ita
652 850 785 928 exigente
808 850 996 917 libramento,
1023 868 1166 928 passuum
1188 871 1259 929 qua-

143 955 276 1033 draginta
307 956 395 1017 trium
418 959 546 1020 milium:
578 975 612 1017 ex
639 974 674 1017 eo
697 956 780 1018 riuus
804 962 849 1016 cst
874 954 1088 1014 subterraneus
1114 974 1257 1034 pannum

142 1061 335 1138 quadraginta
363 1062 452 1123 duum
488 1063 599 1123 milium
634 1062 889 1140 septingentorum
922 1060 1107 1139 septuaginta
1139 1079 1256 1131 nouem,

142 1167 324 1228 substructio
347 1186 436 1246 supra
458 1177 568 1229 terram
589 1188 734 1248 passuum
757 1169 952 1227 ducentorum
977 1166 1079 1244 uiginti
1097 1166 1195 1227 unius.

227 1274 298 1336 Post
318 1251 412 1335 annos
434 1280 553 1333 centum
570 1274 673 1351 uiginti
690 1279 812 1352 septem,
836 1271 865 1330 id
881 1277 927 1330 cst
943 1290 1020 1332 anno
1035 1271 1071 1332 ab
1094 1271 1166 1333 urbe
1187 1292 1257 1334 oon·
1276 1285 1290 1330 7

107 1394 130 1434 ro
143 1379 202 1440 ‹lita
225 1379 440 1440 sexcentesimo
455 1386 569 1447 octauo,
595 1379 659 1439 Ser.
677 1377 808 1456 Sulpicio
825 1377 916 1438 Gallia
939 1379 1029 1454 [erim]
1051 1378 1142 1439 Lucio
1163 1382 1255 1439 dure-

140 1484 179 1544 lio
212 1485 293 1545 Cotta
324 1484 496 1545 consulibus
525 1505 592 1545 oum
621 1484 731 1564 Appiae
760 1483 939 1560 Anionisquc
973 1483 1079 1544 ductus
1109 1489 1256 1546 uetustate

141 1589 271 1667 quassati
296 1591 479 1670 priuatorum
507 1590 594 1650 ctiam
618 1589 769 1649 lraudibus
795 1588 1057 1668 interciperentur,
1085 1590 1183 1650 datum
1211 1599 1256 1650 est

141 1713 155 1753 a
179 1699 281 1753 senatu
305 1694 456 1769 negotium
480 1693 603 1766 Marcio,
633 1693 766 1769 quitum
792 1702 910 1774 praetor
938 1695 1015 1755 inter
1038 1695 1119 1754 ciues
1142 1695 1188 1756 ius
1213 1696 1257 1756 di-

140 1797 238 1868 cebat,
261 1817 363 1859 eorum
382 1799 522 1860 ductuum
545 1798 774 1860 reficiendorum
796 1821 830 1861 ao
854 1800 1108 1863 uindicandorum.
1142 1809 1169 1860 et
1184 1820 1257 1879 quo·

104 1922 127 1960 15
143 1905 219 1964 niam
248 1905 463 1965 incrementum
495 1905 577 1966 urbis
606 1907 723 1984 exigere
752 1909 909 1970 uidebatur
935 1908 1108 1987 ampliorem
1135 1909 1255 1968 modum

139 2029 246 2088 aquae,
271 2010 365 2070 eidem
387 2009 556 2070 mandatum
578 2031 592 2071 a
613 2023 718 2075 senatu
737 2024 796 2085 est,
820 2021 853 2076 ut
874 2021 1006 2082 curaret,
1029 2012 1167 2090 quatinus
1183 2012 1255 2072 alias

140 2134 232 2192 aquas
253 2135 327 2193 quas
348 2122 450 2194 posset
478 2115 507 2174 in
532 2116 634 2179 urbem
657 2120 842 2199 perduceret.
876 2160 980 2180 .....
1009 2119 1126 2200 priores
1147 2118 1255 2179 ductus

138 2221 267 2296 restituit
281 2229 309 2280 et
322 2220 437 2280 tertiam
457 2224 478 2295 Ι.
496 2220 690 2283 illiobriorum
709 2249 787 2285 ...·.
801 2267 809 2286 .
823 2265 856 2285 ..
880 2224 974 2293 duxit,
1002 2225 1048 2285 cui
1074 2223 1111 2284 ab
1133 2230 1254 2284 auclore

140 2326 264 2387 Marciae
286 2343 394 2388 nomen
423 2331 477 2385 est.
517 2325 644 2405 legimus
671 2339 741 2408 aput
766 2331 976 2403 Fenestellam,
1006 2331 1035 2390 in
1063 2330 1137 2388 haee
1165 2345 1254 2406 opera

103 2455 127 2493 ao
142 2432 250 2492 Marcio
272 2434 423 2492 elcoretum
448 2432 619 2495 sestertium
648 2436 741 2497 milies
770 2437 981 2516 octingenties,
1006 2446 1036 2498 ct
1058 2432 1195 2511 quoniam
1218 2433 1253 2493 ad

119 2525 402 2600 ⁸consummandum
431 2538 581 2616 negotium
613 2560 671 2601 non
703 2542 868 2605 sufficiebat
891 2545 1017 2624 spatium
1040 2547 1196 2621 praeturae
1223 2539 1252 2598 in

135 2664 245 2706 cinnum
268 2645 393 2705 alterum
422 2654 623 2725 prorogatum.
668 2666 703 2707 eo
732 2655 865 2728 tempore
894 2646 1069 2716 decemuiri,
1097 2645 1167 2705 dum
1190 2643 1254 2703 aliis

134 2771 170 2811 ex
199 2751 297 2813 causis
323 2751 415 2813 libros
445 2751 596 2812 Sibillinos
628 2751 802 2832 inspiciunt,
830 2753 982 2814 inuenisse
1010 2751 1162 2819 (licuntur,
1194 2768 1253 2809 non

137 2876 204 2916 esse
229 2875 334 2934 aquam
356 2857 495 2918 Marciam
519 2858 569 2917 sed
593 2856 692 2937 potius
715 2858 856 2920 Anionem
881 2859 977 2919 -de
1000 2860 1057 2920 hoo
1081 2857 1158 2917 enim
1183 2876 1254 2917 oon-

102 2978 126 3016 aa
140 2960 264 3022 stantius
284 2963 410 3025 traditur
437 2998 473 3007 -
497 2964 525 3025 in
543 2964 717 3045 Capitolium
739 2965 976 3045 perducendum,
1000 2965 1094 3042 deque
1116 2983 1150 3024 ea
1168 2982 1200 3022 rc
1224 2962 1253 3023 in

137 3146 263 3196 locaucrat
279 3157 302 3196 et
319 3149 405 3198 CPol.
429 3145 432 3208 Ι
454 3150 470 3200 3
489 3165 555 3216 anpo
575 3151 616 3211 (id
633 3159 671 3200 est
689 3154 768 3214 ango)
791 3151 811 3200 0
830 3147 834 3215 Ι
859 3151 969 3213 tyburb'
989 3147 993 3205 l
1020 3151 1181 3200 4Varianam
1199 3150 1254 3199 Fea
1274 3137 1277 3142 ⁵

136 3238 172 3286 ad
187 3239 254 3288 Hor.
274 3241 347 3300 epist.
368 3242 383 3290 l
397 3243 437 3303 14,
452 3242 468 3292 3
487 3243 610 3291 Baranam
629 3240 688 3291 Alo.
705 3242 808 3290 Cassius
821 3255 895 3290 corso
908 3242 966 3289 dell'
980 3255 1059 3305 oeque
1074 3238 1172 3288 anticlea
1182 3254 1208 3301 p.
1220 3239 1253 3290 33

137 3327 278 3379 Arretinum
298 3332 429 3381 Reatinam
444 3334 583 3382 llomanam
598 3331 722 3380 Baranam
741 3333 785 3381 ulii
801 3329 804 3393 Ι
824 3331 867 3380 dat
880 3332 1002 3379 Polcnus.
1024 3339 1145 3395 quarelam·
1157 3333 1254 3379 littora·

135 3435 189 3467 ram
204 3422 379 3481 spatiaminG
393 3421 396 3485 Ι
413 3424 582 3488 tyburtiumG
596 3420 600 3488 1
616 3418 718 3486 usuCl
745 3422 775 3471 to
794 3420 1016 3486 ,sarlatense
1039 3418 1043 3486 Ι
1067 3437 1124 3469 oum
1136 3422 1229 3471 seclusi
1247 3420 1252 3482 Ι

138 3511 168 3560 12
179 3510 254 3560 datus
267 3514 305 3563 cst
317 3510 354 3580 C}
374 3513 403 3564 13
414 3529 498 3564 marco
511 3515 538 3573 C,
557 3530 600 3565 em.
616 3515 737 3564 Polemio.
753 3514 869 3576 fortasse
891 3511 1031 3560 addendam
1046 3512 1073 3571 Q.
1093 3509 1098 3580 Ι
1114 3513 1145 3563 14
1157 3513 1194 3561 Ed
1209 3513 1229 3563 0
1247 3512 1251 3574 l

138 3601 169 3650 17
187 3617 266 3664 aquas
284 3613 371 3668 posset
383 3632 409 3640 -
421 3606 559 3670 perducere
577 3605 717 3654 Sclrultziua
744 3601 748 3669 Ι
773 3603 923 3669 perduceret
937 3630 1107 3653 ........
1123 3618 1180 3653 ores
1197 3610 1253 3652 octo

133 3696 273 3743 litterarum
289 3698 370 3757 spatio
389 3699 476 3747 relicto
493 3696 514 3746 0
533 3693 538 3762 Ι
560 3697 591 3746 18
607 3696 714 3745 restituit
731 3703 755 3743 et
771 3694 864 3754 scripsi
880 3691 915 3739 rei
927 3695 1036 3745 noo-C
1057 3693 1061 3758 Ι
1082 3690 1143 3742 dlxii
1156 3695 1176 3742 C
1189 3694 1251 3742 Turn

135 3795 193 3851 post
213 3786 310 3851 priores
329 3786 419 3835 ductus
438 3786 472 3834 rei
492 3787 608 3851 public-uc
626 3788 755 3837 restitutos
777 3786 875 3834 tertiam
896 3784 963 3831 illam
983 3798 1104 3846 aquarum
1123 3784 1146 3831 in
1165 3785 1251 3832 urbem

135 3877 174 3938 tiu
193 3877 342 3943 Capitolium
355 3875 474 3938 Poleour)
491 3877 610 3942 perduxit
624 3876 763 3926 Scludlzius
785 3873 789 3940 Ι
814 3873 844 3923 19
861 3874 1000 3922 martian
1020 3873 1023 3935 Ι
1046 3873 1079 3924 20
1094 3875 1160 3922 mine
1174 3875 1252 3923 octin-

136 3974 220 4032 gente.
245 3966 427 4018 SetGmillies
445 3968 612 4032 octingenties
633 3967 771 4017 Sedaltziua
790 3973 813 4014 et
830 3980 875 4030 epo
899 3960 903 4030 Ι
931 3965 960 4014 at
982 3964 1180 4013 consumendum
1202 3965 1223 4014 C
1247 3968 1250 4029 Ι

135 4059 238 4106 statium
258 4059 278 4106 C
297 4056 301 4122 Ι
321 4059 355 4106 22
375 4059 519 4108 decemuiro
539 4059 581 4122 Ol
606 4060 638 4110 23
659 4061 755 4108 inuenti
772 4058 792 4107 0
812 4058 816 4119 Ι
840 4058 873 4106 24
893 4072 938 4105 seu
955 4057 982 4106 C.
1007 4056 1121 4118 fortasse
1141 4055 1252 4104 seriben-

135 4149 191 4197 dnaa
211 4148 256 4197 sed
281 4149 390 4213 Appiam
414 4164 459 4197 seu
477 4149 562 4214 potins
590 4147 594 4215 Ι
616 4149 648 4198 25
670 4148 860 4214 perducendum
882 4147 976 4209 scripsi
997 4144 1101 4211 perduoi
1119 4145 1139 4194 0
1158 4146 1252 4211 perdu-

136 4238 240 4287 cendam
263 4237 388 4288 locandus
